trade_id,stock_symbol,trade_date,trade_time,trade_type,quantity,price
1,GOOGL,2023-01-01 00:00:00.000000000,03:32:09,sell,573,861.34
2,TSLA,2023-01-01 00:10:29.004580091,17:04:09,buy,117,954.61
3,AAPL,2023-01-01 00:20:58.009160183,03:33:25,sell,273,715.62
4,FB,2023-01-01 00:31:27.013740274,04:29:49,sell,711,510.85
5,AAPL,2023-01-01 00:41:56.018320366,09:40:23,buy,812,343.14
6,NFLX,2023-01-01 00:52:25.022900458,06:40:17,sell,585,144.19
7,MSFT,2023-01-01 01:02:54.027480549,01:57:50,buy,922,481.78
8,TSLA,2023-01-01 01:13:23.032060641,14:34:36,sell,538,864.11
9,TSLA,2023-01-01 01:23:52.036640732,02:56:40,buy,206,997.11
10,FB,2023-01-01 01:34:21.041220824,10:12:49,buy,791,709.06
11,TSLA,2023-01-01 01:44:50.045800916,16:01:17,sell,30,792.3
12,MSFT,2023-01-01 01:55:19.050381007,09:09:56,sell,759,370.79
13,MSFT,2023-01-01 02:05:48.054961099,22:51:05,buy,559,396.74
14,NFLX,2023-01-01 02:16:17.059541190,20:03:01,sell,155,815.25
15,FB,2023-01-01 02:26:46.064121282,22:37:22,buy,558,652.64
16,AAPL,2023-01-01 02:37:15.068701374,04:47:58,sell,262,706.1
17,AAPL,2023-01-01 02:47:44.073281465,19:57:28,sell,373,853.86
18,TSLA,2023-01-01 02:58:13.077861557,13:01:33,sell,95,88.84
19,MSFT,2023-01-01 03:08:42.082441648,06:45:27,sell,968,971.32
20,AAPL,2023-01-01 03:19:11.087021740,00:57:43,buy,102,293.52
21,FB,2023-01-01 03:29:40.091601832,20:18:50,buy,664,583.31
22,NFLX,2023-01-01 03:40:09.096181923,21:09:06,buy,186,380.06
23,AAPL,2023-01-01 03:50:38.100762015,12:19:04,sell,146,198.25
24,TSLA,2023-01-01 04:01:07.105342106,08:03:00,buy,121,806.71
25,MSFT,2023-01-01 04:11:36.109922198,07:26:33,buy,419,219.65
26,MSFT,2023-01-01 04:22:05.114502290,19:17:08,sell,404,244.22
27,GOOGL,2023-01-01 04:32:34.119082381,05:37:24,sell,813,344.25
28,NFLX,2023-01-01 04:43:03.123662473,21:57:17,buy,279,775.71
29,FB,2023-01-01 04:53:32.128242564,05:20:15,sell,137,991.09
30,GOOGL,2023-01-01 05:04:01.132822656,09:56:34,sell,337,824.99
31,NFLX,2023-01-01 05:14:30.137402748,23:52:10,sell,903,437.74
32,AAPL,2023-01-01 05:24:59.141982839,21:46:06,buy,708,385.82
33,AMZN,2023-01-01 05:35:28.146562931,04:10:23,sell,184,460.99
34,AMZN,2023-01-01 05:45:57.151143022,12:43:42,buy,189,176.5
35,TSLA,2023-01-01 05:56:26.155723114,15:53:16,buy,659,614.36
36,NFLX,2023-01-01 06:06:55.160303206,12:43:11,sell,996,199.58
37,MSFT,2023-01-01 06:17:24.164883297,14:33:40,buy,916,856.74
38,MSFT,2023-01-01 06:27:53.169463389,21:59:02,buy,581,696.65
39,NFLX,2023-01-01 06:38:22.174043480,05:53:26,buy,156,713.41
40,AAPL,2023-01-01 06:48:51.178623572,10:37:06,buy,246,107.96
41,AAPL,2023-01-01 06:59:20.183203664,03:14:06,sell,627,583.67
42,AMZN,2023-01-01 07:09:49.187783755,20:09:20,buy,923,239.45
43,AAPL,2023-01-01 07:20:18.192363847,12:53:51,buy,871,240.05
44,MSFT,2023-01-01 07:30:47.196943938,07:18:43,buy,713,642.46
45,AAPL,2023-01-01 07:41:16.201524030,04:03:53,buy,429,116.11
46,AMZN,2023-01-01 07:51:45.206104122,05:24:45,buy,910,638.91
47,TSLA,2023-01-01 08:02:14.210684213,03:41:48,buy,564,526.49
48,AMZN,2023-01-01 08:12:43.215264305,00:34:30,sell,114,689.4
49,NFLX,2023-01-01 08:23:12.219844396,19:23:58,sell,233,805.11
50,AMZN,2023-01-01 08:33:41.224424488,09:46:48,buy,795,353.01
51,GOOGL,2023-01-01 08:44:10.229004580,17:30:00,buy,948,764.64
52,AAPL,2023-01-01 08:54:39.233584671,15:09:05,sell,14,489.99
53,AMZN,2023-01-01 09:05:08.238164763,09:00:51,buy,411,126.3
54,GOOGL,2023-01-01 09:15:37.242744854,10:20:50,sell,920,645.42
55,AAPL,2023-01-01 09:26:06.247324946,04:53:04,sell,563,397.35
56,AAPL,2023-01-01 09:36:35.251905038,18:39:35,sell,776,695.16
57,FB,2023-01-01 09:47:04.256485129,05:24:34,buy,236,927.84
58,AAPL,2023-01-01 09:57:33.261065221,09:19:44,sell,60,399.58
59,FB,2023-01-01 10:08:02.265645312,15:25:51,sell,437,846.69
60,NFLX,2023-01-01 10:18:31.270225404,01:57:12,buy,409,594.76
61,AAPL,2023-01-01 10:29:00.274805496,22:12:18,sell,125,861.83
62,NFLX,2023-01-01 10:39:29.279385587,20:33:56,sell,905,502.26
63,TSLA,2023-01-01 10:49:58.283965679,04:34:12,buy,913,299.8
64,NFLX,2023-01-01 11:00:27.288545770,04:42:46,buy,156,138.14
65,MSFT,2023-01-01 11:10:56.293125862,16:55:20,buy,164,739.08
66,NFLX,2023-01-01 11:21:25.297705954,23:50:36,buy,442,353.05
67,TSLA,2023-01-01 11:31:54.302286045,14:20:16,sell,723,476.69
68,AAPL,2023-01-01 11:42:23.306866137,20:26:22,sell,259,633.93
69,GOOGL,2023-01-01 11:52:52.311446228,07:09:41,buy,476,243.39
70,MSFT,2023-01-01 12:03:21.316026320,01:27:34,buy,358,325.8
71,TSLA,2023-01-01 12:13:50.320606412,03:16:49,buy,722,523.34
72,MSFT,2023-01-01 12:24:19.325186503,13:20:20,sell,824,452.1
73,TSLA,2023-01-01 12:34:48.329766595,20:25:12,buy,149,108.84
74,FB,2023-01-01 12:45:17.334346686,11:27:25,buy,80,369.52
75,TSLA,2023-01-01 12:55:46.338926778,18:24:55,sell,518,134.85
76,TSLA,2023-01-01 13:06:15.343506870,22:50:12,sell,270,953.8
77,AMZN,2023-01-01 13:16:44.348086961,13:33:36,sell,787,914.24
78,GOOGL,2023-01-01 13:27:13.352667053,15:01:20,sell,144,354.39
79,TSLA,2023-01-01 13:37:42.357247144,02:44:47,buy,538,995.57
80,TSLA,2023-01-01 13:48:11.361827236,07:42:56,sell,994,673.42
81,FB,2023-01-01 13:58:40.366407328,03:38:22,sell,140,70.38
82,TSLA,2023-01-01 14:09:09.370987419,07:10:05,buy,121,857.19
83,AAPL,2023-01-01 14:19:38.375567511,23:25:03,sell,224,430.37
84,TSLA,2023-01-01 14:30:07.380147602,05:47:21,buy,779,834.02
85,FB,2023-01-01 14:40:36.384727694,00:56:03,buy,794,837.92
86,GOOGL,2023-01-01 14:51:05.389307786,21:50:52,buy,868,352.24
87,NFLX,2023-01-01 15:01:34.393887877,12:17:42,sell,841,470.07
88,AMZN,2023-01-01 15:12:03.398467969,21:47:29,sell,955,791.27
89,FB,2023-01-01 15:22:32.403048060,06:40:58,sell,132,67.7
90,FB,2023-01-01 15:33:01.407628152,20:59:54,sell,1,883.56
91,MSFT,2023-01-01 15:43:30.412208244,15:58:59,buy,124,186.83
92,GOOGL,2023-01-01 15:53:59.416788335,21:06:02,buy,800,485.07
93,NFLX,2023-01-01 16:04:28.421368427,05:46:59,sell,283,401.5
94,FB,2023-01-01 16:14:57.425948518,13:54:42,buy,566,891.74
95,TSLA,2023-01-01 16:25:26.430528610,23:30:27,sell,310,410.4
96,TSLA,2023-01-01 16:35:55.435108702,10:03:38,sell,491,644.15
97,AAPL,2023-01-01 16:46:24.439688793,09:59:03,buy,46,265.85
98,AMZN,2023-01-01 16:56:53.444268885,02:20:29,sell,780,474.25
99,MSFT,2023-01-01 17:07:22.448848976,13:54:40,buy,257,156.33
100,FB,2023-01-01 17:17:51.453429068,07:07:21,sell,622,570.36
101,TSLA,2023-01-01 17:28:20.458009160,10:04:40,buy,652,495.11
102,TSLA,2023-01-01 17:38:49.462589251,12:58:46,sell,59,99.3
103,FB,2023-01-01 17:49:18.467169343,13:04:49,sell,574,237.64
104,MSFT,2023-01-01 17:59:47.471749434,02:06:58,sell,962,891.35
105,AAPL,2023-01-01 18:10:16.476329526,23:31:23,buy,383,183.96
106,FB,2023-01-01 18:20:45.480909618,06:32:16,sell,370,70.65
107,AMZN,2023-01-01 18:31:14.485489709,00:38:08,sell,469,429.44
108,MSFT,2023-01-01 18:41:43.490069801,18:48:18,sell,18,455.47
109,FB,2023-01-01 18:52:12.494649892,20:15:03,sell,727,56.74
110,GOOGL,2023-01-01 19:02:41.499229984,15:31:49,sell,852,55.62
111,GOOGL,2023-01-01 19:13:10.503810076,17:59:44,buy,133,835.21
112,FB,2023-01-01 19:23:39.508390167,10:46:27,sell,603,229.99
113,AMZN,2023-01-01 19:34:08.512970259,10:38:09,sell,340,501.69
114,TSLA,2023-01-01 19:44:37.517550351,19:09:28,buy,428,857.17
115,TSLA,2023-01-01 19:55:06.522130442,19:00:11,buy,823,908.96
116,AMZN,2023-01-01 20:05:35.526710534,15:23:47,buy,3,481.17
117,AMZN,2023-01-01 20:16:04.531290625,13:54:18,sell,646,353.96
118,FB,2023-01-01 20:26:33.535870717,13:08:54,sell,607,797.21
119,NFLX,2023-01-01 20:37:02.540450809,01:23:47,buy,877,318.93
120,MSFT,2023-01-01 20:47:31.545030900,19:14:27,sell,14,395.52
121,NFLX,2023-01-01 20:58:00.549610992,00:28:45,buy,365,239.45
122,GOOGL,2023-01-01 21:08:29.554191083,21:40:50,buy,725,851.26
123,TSLA,2023-01-01 21:18:58.558771175,05:51:25,sell,383,419.65
124,AMZN,2023-01-01 21:29:27.563351267,03:01:39,buy,92,699.14
125,AMZN,2023-01-01 21:39:56.567931358,08:13:23,buy,421,776.19
126,NFLX,2023-01-01 21:50:25.572511450,11:48:38,buy,643,740.58
127,NFLX,2023-01-01 22:00:54.577091541,21:04:21,buy,961,141.37
128,AMZN,2023-01-01 22:11:23.581671633,05:45:24,sell,678,713.21
129,GOOGL,2023-01-01 22:21:52.586251725,18:24:44,sell,530,146.35
130,TSLA,2023-01-01 22:32:21.590831816,06:14:13,buy,581,122.43
131,FB,2023-01-01 22:42:50.595411908,06:35:45,buy,844,481.92
132,AAPL,2023-01-01 22:53:19.599991999,20:43:43,buy,29,432.6
133,TSLA,2023-01-01 23:03:48.604572091,22:24:39,buy,513,243.96
134,FB,2023-01-01 23:14:17.609152183,05:28:58,sell,561,638.32
135,NFLX,2023-01-01 23:24:46.613732274,15:13:11,sell,767,429.95
136,FB,2023-01-01 23:35:15.618312366,00:20:43,sell,575,978.73
137,AMZN,2023-01-01 23:45:44.622892457,13:50:15,buy,127,303.73
138,MSFT,2023-01-01 23:56:13.627472549,04:51:13,sell,414,468.9
139,GOOGL,2023-01-02 00:06:42.632052641,11:22:08,sell,686,347.92
140,AMZN,2023-01-02 00:17:11.636632732,18:26:29,sell,174,537.43
141,AMZN,2023-01-02 00:27:40.641212824,14:04:43,buy,948,191.02
142,AMZN,2023-01-02 00:38:09.645792915,16:32:26,buy,82,946.15
143,MSFT,2023-01-02 00:48:38.650373007,21:06:36,buy,874,749.62
144,AAPL,2023-01-02 00:59:07.654953099,01:46:06,buy,375,575.97
145,TSLA,2023-01-02 01:09:36.659533190,21:26:57,buy,714,675.94
146,AAPL,2023-01-02 01:20:05.664113282,07:26:51,buy,398,701.49
147,AMZN,2023-01-02 01:30:34.668693373,20:05:45,sell,675,945.69
148,AMZN,2023-01-02 01:41:03.673273465,19:57:51,sell,39,435.53
149,TSLA,2023-01-02 01:51:32.677853557,19:16:08,sell,329,776.32
150,MSFT,2023-01-02 02:02:01.682433648,14:38:42,sell,444,175.22
151,GOOGL,2023-01-02 02:12:30.687013740,05:00:47,buy,376,268.38
152,GOOGL,2023-01-02 02:22:59.691593831,09:05:00,sell,624,866.11
153,TSLA,2023-01-02 02:33:28.696173923,04:07:00,buy,475,115.92
154,AAPL,2023-01-02 02:43:57.700754015,14:17:21,buy,707,453.33
155,NFLX,2023-01-02 02:54:26.705334106,13:01:26,sell,673,804.24
156,GOOGL,2023-01-02 03:04:55.709914198,05:53:03,buy,831,426.98
157,GOOGL,2023-01-02 03:15:24.714494289,04:57:28,sell,279,635.49
158,MSFT,2023-01-02 03:25:53.719074381,10:00:05,sell,769,531.75
159,FB,2023-01-02 03:36:22.723654473,22:32:22,sell,231,571.75
160,TSLA,2023-01-02 03:46:51.728234564,02:48:03,sell,697,77.63
161,FB,2023-01-02 03:57:20.732814656,22:49:03,sell,544,437.32
162,GOOGL,2023-01-02 04:07:49.737394747,16:00:19,buy,620,821.22
163,AMZN,2023-01-02 04:18:18.741974839,22:00:09,buy,854,600.75
164,AAPL,2023-01-02 04:28:47.746554931,23:23:23,buy,952,669.57
165,NFLX,2023-01-02 04:39:16.751135022,00:00:48,buy,729,535.35
166,NFLX,2023-01-02 04:49:45.755715114,15:30:43,buy,816,265.62
167,TSLA,2023-01-02 05:00:14.760295205,18:17:25,sell,44,293.42
168,AMZN,2023-01-02 05:10:43.764875297,16:16:29,buy,906,926.36
169,AMZN,2023-01-02 05:21:12.769455389,03:49:23,sell,987,416.11
170,MSFT,2023-01-02 05:31:41.774035480,10:00:41,buy,503,920.46
171,NFLX,2023-01-02 05:42:10.778615572,11:48:24,buy,804,939.13
172,NFLX,2023-01-02 05:52:39.783195663,17:28:39,buy,277,777.39
173,GOOGL,2023-01-02 06:03:08.787775755,05:22:09,buy,895,690.76
174,AAPL,2023-01-02 06:13:37.792355847,22:14:12,sell,465,721.42
175,GOOGL,2023-01-02 06:24:06.796935938,15:55:20,buy,966,530.62
176,FB,2023-01-02 06:34:35.801516030,03:02:01,buy,848,219.39
177,GOOGL,2023-01-02 06:45:04.806096121,09:12:11,buy,357,639.27
178,AAPL,2023-01-02 06:55:33.810676213,18:30:28,buy,582,433.9
179,NFLX,2023-01-02 07:06:02.815256305,13:14:50,buy,452,337.67
180,AMZN,2023-01-02 07:16:31.819836396,22:09:39,buy,241,660.93
181,FB,2023-01-02 07:27:00.824416488,23:27:50,sell,137,748.38
182,GOOGL,2023-01-02 07:37:29.828996579,03:59:25,sell,359,939.77
183,FB,2023-01-02 07:47:58.833576671,15:02:54,sell,927,702.33
184,AAPL,2023-01-02 07:58:27.838156763,21:58:03,buy,470,377.62
185,AMZN,2023-01-02 08:08:56.842736854,05:44:44,buy,896,549.82
186,FB,2023-01-02 08:19:25.847316946,03:50:37,buy,657,581.01
187,NFLX,2023-01-02 08:29:54.851897037,08:30:34,buy,114,677.35
188,TSLA,2023-01-02 08:40:23.856477129,22:19:59,buy,48,664.26
189,AAPL,2023-01-02 08:50:52.861057221,11:08:45,sell,866,581.89
190,NFLX,2023-01-02 09:01:21.865637312,13:18:23,sell,948,344.77
191,FB,2023-01-02 09:11:50.870217404,08:41:02,sell,805,659.71
192,AMZN,2023-01-02 09:22:19.874797495,21:32:31,sell,967,443.22
193,AAPL,2023-01-02 09:32:48.879377587,07:53:24,buy,970,822.92
194,NFLX,2023-01-02 09:43:17.883957679,19:50:26,buy,783,696.46
195,FB,2023-01-02 09:53:46.888537770,19:56:08,buy,715,214.83
196,TSLA,2023-01-02 10:04:15.893117862,19:48:42,buy,664,785.88
197,NFLX,2023-01-02 10:14:44.897697953,22:19:03,buy,859,427.73
198,FB,2023-01-02 10:25:13.902278045,02:06:45,buy,801,236.29
199,GOOGL,2023-01-02 10:35:42.906858137,10:23:29,buy,854,251.09
200,NFLX,2023-01-02 10:46:11.911438228,21:56:29,buy,205,725.96
201,TSLA,2023-01-02 10:56:40.916018320,00:43:15,sell,883,97.3
202,NFLX,2023-01-02 11:07:09.920598411,23:01:52,sell,713,388.1
203,AMZN,2023-01-02 11:17:38.925178503,04:14:25,buy,39,248.07
204,FB,2023-01-02 11:28:07.929758595,18:41:34,buy,397,362.97
205,GOOGL,2023-01-02 11:38:36.934338686,03:28:27,sell,591,417.3
206,MSFT,2023-01-02 11:49:05.938918778,17:46:34,buy,865,618.78
207,AMZN,2023-01-02 11:59:34.943498869,05:52:14,sell,135,599.06
208,AMZN,2023-01-02 12:10:03.948078961,08:14:18,sell,454,447.85
209,MSFT,2023-01-02 12:20:32.952659053,07:54:23,sell,261,625.37
210,TSLA,2023-01-02 12:31:01.957239144,05:10:14,sell,840,588.91
211,MSFT,2023-01-02 12:41:30.961819236,21:41:35,buy,672,937.61
212,FB,2023-01-02 12:51:59.966399327,19:46:45,buy,243,772.39
213,AMZN,2023-01-02 13:02:28.970979419,18:28:20,sell,621,607.19
214,GOOGL,2023-01-02 13:12:57.975559511,23:21:59,sell,391,451.25
215,MSFT,2023-01-02 13:23:26.980139602,00:36:26,sell,400,749.04
216,FB,2023-01-02 13:33:55.984719694,05:32:05,buy,327,675.36
217,AMZN,2023-01-02 13:44:24.989299785,03:27:52,buy,752,307.07
218,AAPL,2023-01-02 13:54:53.993879877,05:32:26,buy,422,687.4
219,FB,2023-01-02 14:05:22.998459969,07:26:07,sell,775,592.88
220,AAPL,2023-01-02 14:15:52.003040060,02:20:09,buy,825,167.86
221,AAPL,2023-01-02 14:26:21.007620152,03:36:01,sell,59,194.12
222,TSLA,2023-01-02 14:36:50.012200244,20:17:50,buy,991,824.33
223,FB,2023-01-02 14:47:19.016780335,08:26:33,buy,295,395.89
224,NFLX,2023-01-02 14:57:48.021360427,07:08:43,buy,283,303.39
225,TSLA,2023-01-02 15:08:17.025940518,09:28:15,sell,785,215.37
226,GOOGL,2023-01-02 15:18:46.030520610,22:05:25,sell,195,154.49
227,TSLA,2023-01-02 15:29:15.035100702,15:20:35,buy,231,871.86
228,AAPL,2023-01-02 15:39:44.039680793,12:03:49,sell,342,88.43
229,AMZN,2023-01-02 15:50:13.044260885,12:17:24,buy,931,205.53
230,AMZN,2023-01-02 16:00:42.048840976,17:39:15,sell,967,340.37
231,NFLX,2023-01-02 16:11:11.053421068,03:03:40,sell,525,975.93
232,TSLA,2023-01-02 16:21:40.058001160,07:32:23,buy,594,710.79
233,GOOGL,2023-01-02 16:32:09.062581251,14:08:20,sell,547,464.14
234,FB,2023-01-02 16:42:38.067161343,00:33:49,buy,658,311.3
235,NFLX,2023-01-02 16:53:07.071741434,11:05:40,sell,91,852.07
236,MSFT,2023-01-02 17:03:36.076321526,00:36:15,buy,214,830.39
237,TSLA,2023-01-02 17:14:05.080901618,23:01:36,buy,699,197.48
238,MSFT,2023-01-02 17:24:34.085481709,11:51:43,buy,728,393.94
239,GOOGL,2023-01-02 17:35:03.090061801,02:25:00,sell,144,435.88
240,FB,2023-01-02 17:45:32.094641892,02:04:36,buy,434,302.01
241,TSLA,2023-01-02 17:56:01.099221984,23:22:38,buy,112,339.98
242,AMZN,2023-01-02 18:06:30.103802076,14:54:19,sell,931,875.09
243,TSLA,2023-01-02 18:16:59.108382167,06:15:02,buy,612,750.88
244,GOOGL,2023-01-02 18:27:28.112962259,05:05:53,buy,204,127.25
245,TSLA,2023-01-02 18:37:57.117542350,23:03:44,buy,320,276.88
246,MSFT,2023-01-02 18:48:26.122122442,18:07:12,sell,800,433.94
247,TSLA,2023-01-02 18:58:55.126702534,08:35:34,buy,954,257.54
248,NFLX,2023-01-02 19:09:24.131282625,14:36:42,buy,583,391.19
249,AMZN,2023-01-02 19:19:53.135862717,09:15:08,buy,119,448.71
250,TSLA,2023-01-02 19:30:22.140442808,16:35:13,buy,425,855.04
251,NFLX,2023-01-02 19:40:51.145022900,00:23:02,sell,380,142.94
252,MSFT,2023-01-02 19:51:20.149602992,06:10:28,buy,68,353.84
253,NFLX,2023-01-02 20:01:49.154183083,21:42:42,sell,2,622.35
254,FB,2023-01-02 20:12:18.158763175,17:39:52,buy,408,88.24
255,FB,2023-01-02 20:22:47.163343266,09:54:26,sell,5,766.05
256,TSLA,2023-01-02 20:33:16.167923358,00:45:08,buy,563,931.64
257,FB,2023-01-02 20:43:45.172503450,09:45:38,buy,425,74.18
258,TSLA,2023-01-02 20:54:14.177083541,14:49:45,buy,118,350.59
259,TSLA,2023-01-02 21:04:43.181663633,08:58:53,sell,31,362.37
260,GOOGL,2023-01-02 21:15:12.186243724,23:14:58,buy,169,166.94
261,TSLA,2023-01-02 21:25:41.190823816,14:56:07,buy,219,370.83
262,FB,2023-01-02 21:36:10.195403908,20:31:16,sell,588,558.06
263,MSFT,2023-01-02 21:46:39.199983999,04:51:10,buy,276,503.56
264,AMZN,2023-01-02 21:57:08.204564091,06:44:38,sell,478,985.85
265,AAPL,2023-01-02 22:07:37.209144182,20:53:04,buy,581,497.19
266,MSFT,2023-01-02 22:18:06.213724274,00:21:15,sell,100,994.28
267,GOOGL,2023-01-02 22:28:35.218304366,22:35:14,sell,72,811.25
268,FB,2023-01-02 22:39:04.222884457,10:15:01,buy,963,164.8
269,GOOGL,2023-01-02 22:49:33.227464549,06:28:07,buy,175,712
270,GOOGL,2023-01-02 23:00:02.232044640,14:10:50,sell,983,426.57
271,GOOGL,2023-01-02 23:10:31.236624732,20:51:51,buy,85,244.18
272,FB,2023-01-02 23:21:00.241204824,05:09:51,buy,630,816.03
273,GOOGL,2023-01-02 23:31:29.245784915,11:44:32,buy,716,50.57
274,FB,2023-01-02 23:41:58.250365007,20:03:51,sell,893,592.44
275,GOOGL,2023-01-02 23:52:27.254945098,19:48:09,sell,388,234.14
276,AAPL,2023-01-03 00:02:56.259525190,15:50:58,buy,74,69.97
277,GOOGL,2023-01-03 00:13:25.264105282,13:10:06,sell,700,811.32
278,FB,2023-01-03 00:23:54.268685373,12:18:08,buy,100,76.94
279,AAPL,2023-01-03 00:34:23.273265465,17:00:42,sell,989,797.21
280,GOOGL,2023-01-03 00:44:52.277845556,16:04:53,buy,806,372.16
281,GOOGL,2023-01-03 00:55:21.282425648,05:19:25,sell,182,230.63
282,NFLX,2023-01-03 01:05:50.287005740,19:34:19,sell,257,581.3
283,FB,2023-01-03 01:16:19.291585831,14:51:38,buy,693,635.19
284,MSFT,2023-01-03 01:26:48.296165923,13:46:48,sell,952,415.9
285,AAPL,2023-01-03 01:37:17.300746014,07:06:57,buy,13,978.17
286,NFLX,2023-01-03 01:47:46.305326106,05:40:30,sell,203,816.13
287,NFLX,2023-01-03 01:58:15.309906198,19:01:40,sell,849,900.23
288,TSLA,2023-01-03 02:08:44.314486289,01:46:23,buy,585,379.62
289,GOOGL,2023-01-03 02:19:13.319066381,03:52:57,buy,821,571.19
290,FB,2023-01-03 02:29:42.323646472,13:18:40,sell,770,231.99
291,AMZN,2023-01-03 02:40:11.328226564,08:28:22,sell,9,606.04
292,GOOGL,2023-01-03 02:50:40.332806656,03:54:58,sell,447,252.43
293,NFLX,2023-01-03 03:01:09.337386747,15:16:19,buy,281,119.7
294,AAPL,2023-01-03 03:11:38.341966839,12:42:26,sell,381,323.53
295,AMZN,2023-01-03 03:22:07.346546930,19:06:05,sell,691,388.31
296,AAPL,2023-01-03 03:32:36.351127022,04:06:30,buy,504,179.91
297,TSLA,2023-01-03 03:43:05.355707114,17:39:32,sell,353,921.81
298,TSLA,2023-01-03 03:53:34.360287205,01:31:26,buy,30,853.03
299,AMZN,2023-01-03 04:04:03.364867297,16:21:00,buy,316,373.62
300,MSFT,2023-01-03 04:14:32.369447388,23:55:42,sell,246,726.43
301,TSLA,2023-01-03 04:25:01.374027480,08:44:05,buy,487,327.59
302,NFLX,2023-01-03 04:35:30.378607572,15:32:01,sell,562,663.04
303,NFLX,2023-01-03 04:45:59.383187663,00:36:57,sell,450,857.77
304,GOOGL,2023-01-03 04:56:28.387767755,08:32:59,buy,464,321.08
305,GOOGL,2023-01-03 05:06:57.392347846,00:24:28,sell,64,140.67
306,FB,2023-01-03 05:17:26.396927938,03:12:52,sell,780,270.31
307,TSLA,2023-01-03 05:27:55.401508030,03:49:00,buy,3,490.74
308,MSFT,2023-01-03 05:38:24.406088121,07:10:40,sell,875,880.11
309,TSLA,2023-01-03 05:48:53.410668213,03:34:06,sell,36,259.66
310,TSLA,2023-01-03 05:59:22.415248304,16:43:43,sell,545,300.56
311,AAPL,2023-01-03 06:09:51.419828396,14:11:43,buy,894,119.54
312,AMZN,2023-01-03 06:20:20.424408488,05:32:22,buy,143,348.9
313,MSFT,2023-01-03 06:30:49.428988579,09:34:47,sell,266,465.2
314,AAPL,2023-01-03 06:41:18.433568671,02:49:57,buy,289,556.71
315,GOOGL,2023-01-03 06:51:47.438148762,02:59:37,sell,647,290.8
316,GOOGL,2023-01-03 07:02:16.442728854,18:33:00,sell,532,668.26
317,AAPL,2023-01-03 07:12:45.447308946,21:14:53,sell,620,123.03
318,MSFT,2023-01-03 07:23:14.451889037,00:22:25,sell,306,505.45
319,NFLX,2023-01-03 07:33:43.456469129,05:57:18,sell,928,838.42
320,NFLX,2023-01-03 07:44:12.461049220,15:23:59,sell,897,534.85
321,NFLX,2023-01-03 07:54:41.465629312,19:15:26,sell,830,64.43
322,NFLX,2023-01-03 08:05:10.470209404,06:39:36,buy,328,578.74
323,TSLA,2023-01-03 08:15:39.474789495,17:43:11,buy,732,128.09
324,NFLX,2023-01-03 08:26:08.479369587,06:43:52,buy,915,522.12
325,MSFT,2023-01-03 08:36:37.483949679,01:36:53,buy,173,82.21
326,AAPL,2023-01-03 08:47:06.488529770,06:27:39,buy,914,506.5
327,GOOGL,2023-01-03 08:57:35.493109862,08:31:33,buy,414,162.1
328,MSFT,2023-01-03 09:08:04.497689953,04:25:22,buy,467,802.28
329,AAPL,2023-01-03 09:18:33.502270045,14:42:58,sell,204,386.99
330,AAPL,2023-01-03 09:29:02.506850137,15:08:07,buy,444,793.54
331,TSLA,2023-01-03 09:39:31.511430228,14:15:45,sell,462,782.78
332,FB,2023-01-03 09:50:00.516010320,01:42:19,sell,326,976.75
333,FB,2023-01-03 10:00:29.520590411,10:04:56,sell,386,788.82
334,AAPL,2023-01-03 10:10:58.525170503,23:47:20,sell,478,182.47
335,AAPL,2023-01-03 10:21:27.529750595,08:51:54,buy,743,535.74
336,TSLA,2023-01-03 10:31:56.534330686,05:24:44,buy,556,889.76
337,GOOGL,2023-01-03 10:42:25.538910778,17:04:03,sell,194,157.89
338,TSLA,2023-01-03 10:52:54.543490869,07:12:38,sell,732,437.83
339,AAPL,2023-01-03 11:03:23.548070961,07:14:31,buy,637,384.35
340,FB,2023-01-03 11:13:52.552651053,16:37:31,buy,271,895.37
341,GOOGL,2023-01-03 11:24:21.557231144,21:08:57,sell,478,173.21
342,FB,2023-01-03 11:34:50.561811236,13:02:15,sell,26,580.04
343,AAPL,2023-01-03 11:45:19.566391327,20:58:20,buy,624,305.11
344,GOOGL,2023-01-03 11:55:48.570971419,20:59:10,sell,605,798.52
345,TSLA,2023-01-03 12:06:17.575551511,06:26:31,buy,505,346.58
346,AMZN,2023-01-03 12:16:46.580131602,14:47:45,sell,781,61.04
347,NFLX,2023-01-03 12:27:15.584711694,07:22:38,sell,431,636.42
348,TSLA,2023-01-03 12:37:44.589291785,10:35:43,buy,302,419.27
349,GOOGL,2023-01-03 12:48:13.593871877,03:51:04,sell,111,301.22
350,AMZN,2023-01-03 12:58:42.598451969,01:35:57,sell,298,843.56
351,MSFT,2023-01-03 13:09:11.603032060,15:06:20,sell,416,155.62
352,AAPL,2023-01-03 13:19:40.607612152,09:26:25,sell,981,213.12
353,GOOGL,2023-01-03 13:30:09.612192243,17:33:19,buy,418,90.13
354,MSFT,2023-01-03 13:40:38.616772335,05:42:46,sell,525,234.04
355,MSFT,2023-01-03 13:51:07.621352427,01:03:10,buy,389,616.51
356,FB,2023-01-03 14:01:36.625932518,00:23:29,sell,295,313.13
357,NFLX,2023-01-03 14:12:05.630512610,04:59:29,buy,62,883.14
358,MSFT,2023-01-03 14:22:34.635092701,16:27:22,buy,304,873.01
359,FB,2023-01-03 14:33:03.639672793,03:55:10,buy,797,223.12
360,FB,2023-01-03 14:43:32.644252885,02:08:29,sell,706,350.16
361,AMZN,2023-01-03 14:54:01.648832976,15:20:53,sell,500,728.9
362,FB,2023-01-03 15:04:30.653413068,06:00:00,buy,375,193.74
363,MSFT,2023-01-03 15:14:59.657993159,12:15:58,buy,271,327.48
364,MSFT,2023-01-03 15:25:28.662573251,04:39:56,sell,220,488.03
365,GOOGL,2023-01-03 15:35:57.667153343,18:39:40,sell,862,93.43
366,TSLA,2023-01-03 15:46:26.671733434,18:49:02,buy,281,324.96
367,NFLX,2023-01-03 15:56:55.676313526,02:26:29,sell,916,393.92
368,NFLX,2023-01-03 16:07:24.680893617,18:12:05,sell,87,299.05
369,NFLX,2023-01-03 16:17:53.685473709,11:12:45,sell,583,218.96
370,AMZN,2023-01-03 16:28:22.690053801,19:31:21,sell,987,782.63
371,GOOGL,2023-01-03 16:38:51.694633892,02:59:42,sell,967,481.51
372,TSLA,2023-01-03 16:49:20.699213984,23:54:26,buy,21,737.34
373,FB,2023-01-03 16:59:49.703794075,14:41:05,sell,576,642.87
374,NFLX,2023-01-03 17:10:18.708374167,22:57:02,buy,107,601.51
375,TSLA,2023-01-03 17:20:47.712954259,03:13:08,sell,39,296.8
376,AAPL,2023-01-03 17:31:16.717534350,11:54:45,sell,801,669.39
377,NFLX,2023-01-03 17:41:45.722114442,15:52:49,sell,475,176.53
378,TSLA,2023-01-03 17:52:14.726694533,15:18:17,sell,223,150.74
379,FB,2023-01-03 18:02:43.731274625,12:23:51,buy,316,887.13
380,AAPL,2023-01-03 18:13:12.735854717,23:19:24,buy,894,623.17
381,NFLX,2023-01-03 18:23:41.740434808,09:30:40,sell,153,697.01
382,AAPL,2023-01-03 18:34:10.745014900,19:31:12,buy,342,510.76
383,NFLX,2023-01-03 18:44:39.749594991,04:14:24,buy,96,70.01
384,AAPL,2023-01-03 18:55:08.754175083,19:35:57,buy,705,268.02
385,FB,2023-01-03 19:05:37.758755175,13:43:27,sell,154,851.36
386,GOOGL,2023-01-03 19:16:06.763335266,03:20:56,sell,620,609.3
387,FB,2023-01-03 19:26:35.767915358,12:17:31,sell,976,659.13
388,GOOGL,2023-01-03 19:37:04.772495449,00:56:54,buy,529,153.56
389,MSFT,2023-01-03 19:47:33.777075541,18:15:37,sell,419,578.45
390,GOOGL,2023-01-03 19:58:02.781655633,21:08:18,sell,668,990.04
391,NFLX,2023-01-03 20:08:31.786235724,21:32:59,buy,727,960.06
392,AMZN,2023-01-03 20:19:00.790815816,01:59:43,sell,592,579.77
393,TSLA,2023-01-03 20:29:29.795395907,20:12:12,sell,802,297.06
394,GOOGL,2023-01-03 20:39:58.799975999,05:16:37,buy,35,432.97
395,AAPL,2023-01-03 20:50:27.804556091,05:24:16,sell,764,456.76
396,TSLA,2023-01-03 21:00:56.809136182,04:50:18,sell,299,560.24
397,AAPL,2023-01-03 21:11:25.813716274,18:09:24,sell,386,663.23
398,AMZN,2023-01-03 21:21:54.818296365,02:15:51,buy,471,246.65
399,AMZN,2023-01-03 21:32:23.822876457,23:47:47,buy,651,756.03
400,TSLA,2023-01-03 21:42:52.827456549,14:16:16,buy,670,833.3
401,TSLA,2023-01-03 21:53:21.832036640,13:31:12,sell,195,251.52
402,FB,2023-01-03 22:03:50.836616732,14:04:45,buy,370,911.48
403,GOOGL,2023-01-03 22:14:19.841196823,18:38:47,sell,774,812.08
404,AAPL,2023-01-03 22:24:48.845776915,00:04:37,buy,14,826.68
405,TSLA,2023-01-03 22:35:17.850357007,15:44:22,sell,103,932.82
406,MSFT,2023-01-03 22:45:46.854937098,11:59:41,buy,573,664.76
407,AMZN,2023-01-03 22:56:15.859517190,09:03:34,buy,371,717.55
408,MSFT,2023-01-03 23:06:44.864097281,19:04:15,buy,67,771.2
409,GOOGL,2023-01-03 23:17:13.868677373,22:15:12,sell,245,548.07
410,GOOGL,2023-01-03 23:27:42.873257465,06:58:04,buy,126,234.04
411,GOOGL,2023-01-03 23:38:11.877837556,08:04:25,buy,822,272.36
412,NFLX,2023-01-03 23:48:40.882417648,18:22:19,sell,327,710.97
413,MSFT,2023-01-03 23:59:09.886997739,05:08:58,sell,149,510.71
414,AMZN,2023-01-04 00:09:38.891577831,22:17:23,sell,58,727.05
415,NFLX,2023-01-04 00:20:07.896157923,04:58:39,sell,373,604.21
416,GOOGL,2023-01-04 00:30:36.900738014,01:12:38,sell,980,989.88
417,GOOGL,2023-01-04 00:41:05.905318106,17:09:45,sell,884,759.52
418,MSFT,2023-01-04 00:51:34.909898197,06:36:38,buy,337,388.08
419,FB,2023-01-04 01:02:03.914478289,09:46:00,buy,395,241.16
420,AAPL,2023-01-04 01:12:32.919058381,19:00:41,sell,558,792.12
421,TSLA,2023-01-04 01:23:01.923638472,15:20:37,sell,159,927.31
422,NFLX,2023-01-04 01:33:30.928218564,23:49:35,sell,540,259.85
423,FB,2023-01-04 01:43:59.932798655,16:22:51,sell,343,737.45
424,NFLX,2023-01-04 01:54:28.937378747,17:29:47,sell,93,667.91
425,MSFT,2023-01-04 02:04:57.941958839,17:47:13,sell,753,296.91
426,TSLA,2023-01-04 02:15:26.946538930,20:40:55,buy,687,155.18
427,GOOGL,2023-01-04 02:25:55.951119022,16:14:56,sell,789,766.07
428,FB,2023-01-04 02:36:24.955699113,06:21:42,buy,914,238.52
429,AAPL,2023-01-04 02:46:53.960279205,01:34:10,buy,888,645.59
430,AMZN,2023-01-04 02:57:22.964859297,11:02:46,buy,408,51.55
431,TSLA,2023-01-04 03:07:51.969439388,11:27:49,sell,818,355.35
432,NFLX,2023-01-04 03:18:20.974019480,06:39:41,buy,623,664.07
433,MSFT,2023-01-04 03:28:49.978599571,22:24:24,buy,167,929.98
434,AAPL,2023-01-04 03:39:18.983179663,03:43:00,buy,839,296.54
435,GOOGL,2023-01-04 03:49:47.987759755,16:42:50,sell,256,518.63
436,FB,2023-01-04 04:00:16.992339846,23:07:01,sell,924,637.04
437,GOOGL,2023-01-04 04:10:45.996919938,09:15:36,sell,191,776.29
438,TSLA,2023-01-04 04:21:15.001500030,14:36:33,sell,608,987.47
439,AAPL,2023-01-04 04:31:44.006080121,13:02:36,buy,400,640.18
440,NFLX,2023-01-04 04:42:13.010660213,04:28:13,sell,418,74.71
441,NFLX,2023-01-04 04:52:42.015240304,08:54:33,sell,644,677.76
442,NFLX,2023-01-04 05:03:11.019820396,04:44:12,buy,289,425.51
443,TSLA,2023-01-04 05:13:40.024400488,16:43:28,buy,136,214.45
444,GOOGL,2023-01-04 05:24:09.028980579,21:52:28,buy,863,790.48
445,FB,2023-01-04 05:34:38.033560671,20:39:44,buy,386,471.62
446,MSFT,2023-01-04 05:45:07.038140762,13:12:36,buy,127,70.7
447,MSFT,2023-01-04 05:55:36.042720854,04:35:54,sell,119,224.99
448,AAPL,2023-01-04 06:06:05.047300946,15:18:12,buy,219,739.41
449,TSLA,2023-01-04 06:16:34.051881037,07:49:27,sell,716,426.28
450,AMZN,2023-01-04 06:27:03.056461129,05:29:42,buy,807,716.68
451,MSFT,2023-01-04 06:37:32.061041220,10:02:45,sell,997,642.32
452,AMZN,2023-01-04 06:48:01.065621312,08:21:04,buy,731,181.49
453,MSFT,2023-01-04 06:58:30.070201404,12:53:47,sell,596,572.59
454,FB,2023-01-04 07:08:59.074781495,10:02:17,buy,3,968.81
455,GOOGL,2023-01-04 07:19:28.079361587,16:32:45,sell,287,135.17
456,GOOGL,2023-01-04 07:29:57.083941678,19:13:14,buy,425,287.2
457,GOOGL,2023-01-04 07:40:26.088521770,10:25:28,sell,47,887.54
458,GOOGL,2023-01-04 07:50:55.093101862,21:38:07,buy,968,521.68
459,FB,2023-01-04 08:01:24.097681953,21:40:31,buy,335,845.82
460,FB,2023-01-04 08:11:53.102262045,02:13:58,sell,497,987.2
461,MSFT,2023-01-04 08:22:22.106842136,03:27:19,sell,273,650.52
462,AAPL,2023-01-04 08:32:51.111422228,09:31:36,buy,397,297.15
463,FB,2023-01-04 08:43:20.116002320,21:33:05,sell,894,896.29
464,NFLX,2023-01-04 08:53:49.120582411,12:08:38,sell,541,92.86
465,AMZN,2023-01-04 09:04:18.125162503,02:10:13,sell,793,777
466,MSFT,2023-01-04 09:14:47.129742594,20:02:27,sell,895,429.32
467,FB,2023-01-04 09:25:16.134322686,22:01:18,buy,434,793.55
468,NFLX,2023-01-04 09:35:45.138902778,05:06:41,buy,531,603.9
469,TSLA,2023-01-04 09:46:14.143482869,03:54:03,buy,484,646.8
470,NFLX,2023-01-04 09:56:43.148062961,12:29:06,sell,956,751.1
471,MSFT,2023-01-04 10:07:12.152643052,23:58:40,buy,565,698.86
472,AAPL,2023-01-04 10:17:41.157223144,22:10:30,sell,770,576.71
473,NFLX,2023-01-04 10:28:10.161803236,01:18:39,buy,634,231.72
474,AMZN,2023-01-04 10:38:39.166383327,21:08:26,sell,156,874.39
475,TSLA,2023-01-04 10:49:08.170963419,01:10:21,sell,759,940.11
476,AMZN,2023-01-04 10:59:37.175543510,20:04:47,buy,987,836.23
477,GOOGL,2023-01-04 11:10:06.180123602,02:23:00,sell,415,218.48
478,TSLA,2023-01-04 11:20:35.184703694,15:32:21,buy,608,611.26
479,MSFT,2023-01-04 11:31:04.189283785,23:59:55,sell,840,271.87
480,AMZN,2023-01-04 11:41:33.193863877,22:40:08,sell,230,460.29
481,AMZN,2023-01-04 11:52:02.198443968,11:25:28,sell,40,387.7
482,FB,2023-01-04 12:02:31.203024060,00:25:52,sell,303,854.13
483,AMZN,2023-01-04 12:13:00.207604152,14:04:49,sell,831,176.51
484,AAPL,2023-01-04 12:23:29.212184243,02:39:12,sell,333,86.89
485,MSFT,2023-01-04 12:33:58.216764335,10:12:42,buy,815,575.2
486,NFLX,2023-01-04 12:44:27.221344426,02:38:54,buy,990,621.33
487,NFLX,2023-01-04 12:54:56.225924518,16:21:40,sell,703,948.12
488,AMZN,2023-01-04 13:05:25.230504610,03:47:38,buy,551,136.86
489,TSLA,2023-01-04 13:15:54.235084701,13:58:44,buy,260,143.46
490,AAPL,2023-01-04 13:26:23.239664793,23:53:01,buy,437,180.2
491,NFLX,2023-01-04 13:36:52.244244884,03:55:15,buy,761,232.18
492,FB,2023-01-04 13:47:21.248824976,13:17:23,buy,608,601.92
493,TSLA,2023-01-04 13:57:50.253405068,07:25:24,sell,608,178.92
494,AAPL,2023-01-04 14:08:19.257985159,13:43:37,buy,242,914.35
495,FB,2023-01-04 14:18:48.262565251,20:33:48,sell,974,271.74
496,MSFT,2023-01-04 14:29:17.267145342,01:32:45,buy,136,65.33
497,TSLA,2023-01-04 14:39:46.271725434,02:42:49,buy,890,138.55
498,TSLA,2023-01-04 14:50:15.276305526,19:04:50,sell,582,579.31
499,MSFT,2023-01-04 15:00:44.280885617,07:22:26,buy,591,635.25
500,NFLX,2023-01-04 15:11:13.285465709,08:25:19,sell,307,821.2
501,MSFT,2023-01-04 15:21:42.290045800,07:10:16,buy,509,497.36
502,TSLA,2023-01-04 15:32:11.294625892,03:12:34,buy,337,957.14
503,AAPL,2023-01-04 15:42:40.299205984,16:53:15,sell,419,534.88
504,MSFT,2023-01-04 15:53:09.303786075,21:17:38,buy,135,242.01
505,TSLA,2023-01-04 16:03:38.308366167,15:14:46,sell,501,921.48
506,NFLX,2023-01-04 16:14:07.312946258,01:38:59,buy,34,201.62
507,AAPL,2023-01-04 16:24:36.317526350,22:18:25,sell,249,824.6
508,TSLA,2023-01-04 16:35:05.322106442,04:37:03,sell,803,655.86
509,GOOGL,2023-01-04 16:45:34.326686533,14:45:39,sell,42,185.43
510,AAPL,2023-01-04 16:56:03.331266625,15:09:11,sell,781,637.08
511,TSLA,2023-01-04 17:06:32.335846716,17:14:06,sell,170,936.11
512,FB,2023-01-04 17:17:01.340426808,14:37:01,sell,83,341.82
513,TSLA,2023-01-04 17:27:30.345006900,17:12:36,sell,801,940.89
514,AAPL,2023-01-04 17:37:59.349586991,23:37:27,buy,6,281.21
515,GOOGL,2023-01-04 17:48:28.354167083,03:28:30,buy,113,633.26
516,TSLA,2023-01-04 17:58:57.358747174,01:11:01,buy,56,475.56
517,GOOGL,2023-01-04 18:09:26.363327266,22:56:59,buy,441,596.97
518,TSLA,2023-01-04 18:19:55.367907358,05:36:55,buy,588,117.27
519,MSFT,2023-01-04 18:30:24.372487449,10:03:40,sell,870,137.9
520,MSFT,2023-01-04 18:40:53.377067541,14:59:50,buy,823,406.62
521,MSFT,2023-01-04 18:51:22.381647632,07:37:29,buy,632,145.88
522,MSFT,2023-01-04 19:01:51.386227724,04:49:11,sell,562,180.26
523,AMZN,2023-01-04 19:12:20.390807816,16:27:15,buy,571,519.74
524,AMZN,2023-01-04 19:22:49.395387907,18:02:56,sell,261,750.28
525,TSLA,2023-01-04 19:33:18.399967999,22:03:32,buy,708,76.09
526,GOOGL,2023-01-04 19:43:47.404548090,15:33:54,buy,526,291.38
527,AMZN,2023-01-04 19:54:16.409128182,03:05:20,sell,929,488.91
528,FB,2023-01-04 20:04:45.413708274,02:17:36,sell,180,876.39
529,AMZN,2023-01-04 20:15:14.418288365,01:26:05,sell,7,517.27
530,NFLX,2023-01-04 20:25:43.422868457,00:08:04,buy,629,373.21
531,NFLX,2023-01-04 20:36:12.427448548,11:31:34,buy,543,327.6
532,GOOGL,2023-01-04 20:46:41.432028640,22:25:12,sell,112,566
533,FB,2023-01-04 20:57:10.436608732,05:43:29,buy,826,689
534,TSLA,2023-01-04 21:07:39.441188823,06:30:09,sell,276,69.47
535,GOOGL,2023-01-04 21:18:08.445768915,14:07:51,sell,368,221.39
536,FB,2023-01-04 21:28:37.450349006,22:22:06,buy,575,848.19
537,GOOGL,2023-01-04 21:39:06.454929098,14:21:32,buy,541,419.14
538,MSFT,2023-01-04 21:49:35.459509190,18:41:38,buy,614,557.67
539,AMZN,2023-01-04 22:00:04.464089281,12:04:16,sell,54,171.02
540,NFLX,2023-01-04 22:10:33.468669373,07:59:54,sell,858,657.03
541,AMZN,2023-01-04 22:21:02.473249465,00:28:23,sell,473,101.53
542,GOOGL,2023-01-04 22:31:31.477829556,17:31:41,sell,419,410.22
543,MSFT,2023-01-04 22:42:00.482409648,04:03:55,buy,487,881.4
544,AMZN,2023-01-04 22:52:29.486989739,16:16:03,sell,234,168.68
545,NFLX,2023-01-04 23:02:58.491569831,19:29:04,buy,12,501.73
546,AAPL,2023-01-04 23:13:27.496149923,12:13:44,sell,963,601.76
547,AMZN,2023-01-04 23:23:56.500730014,07:33:33,buy,598,95.84
548,MSFT,2023-01-04 23:34:25.505310106,07:35:36,buy,595,70.8
549,TSLA,2023-01-04 23:44:54.509890197,12:55:00,buy,453,104.96
550,GOOGL,2023-01-04 23:55:23.514470289,04:33:52,buy,817,167.2
551,AMZN,2023-01-05 00:05:52.519050381,03:56:42,buy,295,721.59
552,TSLA,2023-01-05 00:16:21.523630472,04:19:36,buy,249,928.24
553,NFLX,2023-01-05 00:26:50.528210564,01:50:25,buy,465,380.66
554,AMZN,2023-01-05 00:37:19.532790655,20:17:56,buy,424,722.58
555,MSFT,2023-01-05 00:47:48.537370747,05:32:32,sell,469,816.6
556,TSLA,2023-01-05 00:58:17.541950839,09:42:34,sell,335,969.6
557,AAPL,2023-01-05 01:08:46.546530930,15:44:14,sell,419,459.11
558,FB,2023-01-05 01:19:15.551111022,03:19:01,sell,917,465.6
559,FB,2023-01-05 01:29:44.555691113,00:59:44,sell,842,52.28
560,AMZN,2023-01-05 01:40:13.560271205,20:32:44,buy,667,609.63
561,GOOGL,2023-01-05 01:50:42.564851297,20:29:05,buy,150,463.38
562,NFLX,2023-01-05 02:01:11.569431388,08:52:49,buy,432,406.16
563,AMZN,2023-01-05 02:11:40.574011480,19:56:42,buy,915,149.62
564,AAPL,2023-01-05 02:22:09.578591571,03:21:10,buy,915,215.2
565,NFLX,2023-01-05 02:32:38.583171663,16:31:19,sell,107,186.18
566,FB,2023-01-05 02:43:07.587751755,08:44:37,sell,545,978.17
567,TSLA,2023-01-05 02:53:36.592331846,03:01:39,sell,412,243.38
568,AMZN,2023-01-05 03:04:05.596911938,06:46:55,buy,159,821.67
569,NFLX,2023-01-05 03:14:34.601492029,18:06:40,sell,673,614.58
570,FB,2023-01-05 03:25:03.606072121,10:46:40,sell,950,391.3
571,MSFT,2023-01-05 03:35:32.610652213,21:37:18,buy,620,316.52
572,MSFT,2023-01-05 03:46:01.615232304,04:21:01,sell,200,369.83
573,TSLA,2023-01-05 03:56:30.619812396,08:32:57,buy,239,805.03
574,NFLX,2023-01-05 04:06:59.624392487,23:44:15,buy,217,257
575,TSLA,2023-01-05 04:17:28.628972579,02:22:54,buy,736,819.01
576,TSLA,2023-01-05 04:27:57.633552671,09:23:37,buy,987,705.24
577,AMZN,2023-01-05 04:38:26.638132762,21:39:18,sell,749,654.12
578,MSFT,2023-01-05 04:48:55.642712854,20:20:16,sell,963,755.21
579,FB,2023-01-05 04:59:24.647292945,08:07:19,buy,480,480.32
580,MSFT,2023-01-05 05:09:53.651873037,21:36:46,buy,427,863.39
581,FB,2023-01-05 05:20:22.656453129,21:59:15,buy,669,149.02
582,MSFT,2023-01-05 05:30:51.661033220,22:06:54,buy,629,614
583,AAPL,2023-01-05 05:41:20.665613312,06:41:31,sell,489,985.03
584,GOOGL,2023-01-05 05:51:49.670193403,07:02:23,sell,698,536.98
585,TSLA,2023-01-05 06:02:18.674773495,10:54:24,buy,701,530.28
586,MSFT,2023-01-05 06:12:47.679353587,20:27:26,buy,510,792.47
587,AAPL,2023-01-05 06:23:16.683933678,17:25:25,sell,718,238.85
588,AMZN,2023-01-05 06:33:45.688513770,23:07:30,sell,594,897.45
589,MSFT,2023-01-05 06:44:14.693093861,16:14:46,buy,979,584.5
590,FB,2023-01-05 06:54:43.697673953,12:25:36,sell,605,117.96
591,AAPL,2023-01-05 07:05:12.702254045,16:08:12,buy,714,746.29
592,AAPL,2023-01-05 07:15:41.706834136,23:05:55,sell,812,354.13
593,GOOGL,2023-01-05 07:26:10.711414228,05:16:12,buy,733,547.54
594,FB,2023-01-05 07:36:39.715994319,08:53:58,sell,759,775.83
595,FB,2023-01-05 07:47:08.720574411,03:36:48,sell,594,905.14
596,AAPL,2023-01-05 07:57:37.725154503,12:14:10,sell,2,186.94
597,AMZN,2023-01-05 08:08:06.729734594,04:50:04,sell,349,625.79
598,TSLA,2023-01-05 08:18:35.734314686,04:28:10,buy,50,495.88
599,AMZN,2023-01-05 08:29:04.738894777,05:11:49,sell,718,700.23
600,MSFT,2023-01-05 08:39:33.743474869,15:24:20,sell,600,833.09
601,TSLA,2023-01-05 08:50:02.748054961,23:48:59,buy,428,279.51
602,FB,2023-01-05 09:00:31.752635052,09:31:44,sell,314,474.8
603,AMZN,2023-01-05 09:11:00.757215144,13:07:47,sell,337,806.4
604,AMZN,2023-01-05 09:21:29.761795235,17:56:10,buy,347,345.69
605,MSFT,2023-01-05 09:31:58.766375327,03:21:22,sell,503,944.67
606,TSLA,2023-01-05 09:42:27.770955419,10:22:48,sell,119,810.51
607,AAPL,2023-01-05 09:52:56.775535510,01:38:51,buy,284,472.48
608,TSLA,2023-01-05 10:03:25.780115602,09:49:47,buy,773,67.13
609,GOOGL,2023-01-05 10:13:54.784695693,18:50:17,buy,383,571.92
610,MSFT,2023-01-05 10:24:23.789275785,08:16:13,sell,189,207.57
611,AAPL,2023-01-05 10:34:52.793855877,06:32:06,buy,143,487.66
612,TSLA,2023-01-05 10:45:21.798435968,20:32:33,buy,469,498.64
613,FB,2023-01-05 10:55:50.803016060,17:02:40,sell,168,916.46
614,NFLX,2023-01-05 11:06:19.807596151,09:32:42,sell,339,187.84
615,FB,2023-01-05 11:16:48.812176243,00:13:27,buy,672,823.69
616,FB,2023-01-05 11:27:17.816756335,02:44:21,buy,533,57.59
617,GOOGL,2023-01-05 11:37:46.821336426,06:23:01,buy,451,600.29
618,NFLX,2023-01-05 11:48:15.825916518,22:52:42,sell,220,359.76
619,MSFT,2023-01-05 11:58:44.830496609,10:49:59,sell,957,942.45
620,FB,2023-01-05 12:09:13.835076701,07:45:12,buy,811,203.21
621,MSFT,2023-01-05 12:19:42.839656793,00:43:02,buy,803,359.03
622,MSFT,2023-01-05 12:30:11.844236884,00:42:37,buy,754,645.84
623,MSFT,2023-01-05 12:40:40.848816976,09:28:38,buy,665,61.23
624,TSLA,2023-01-05 12:51:09.853397067,05:55:28,buy,785,181.27
625,NFLX,2023-01-05 13:01:38.857977159,19:02:11,buy,729,498.92
626,TSLA,2023-01-05 13:12:07.862557251,03:46:53,buy,271,816.54
627,NFLX,2023-01-05 13:22:36.867137342,07:32:15,sell,433,205.19
628,AAPL,2023-01-05 13:33:05.871717434,07:06:07,buy,340,659.08
629,TSLA,2023-01-05 13:43:34.876297525,06:19:12,buy,543,995.52
630,GOOGL,2023-01-05 13:54:03.880877617,14:53:09,buy,386,203.21
631,AMZN,2023-01-05 14:04:32.885457709,10:02:28,buy,990,662.35
632,MSFT,2023-01-05 14:15:01.890037800,16:51:58,sell,137,430.12
633,GOOGL,2023-01-05 14:25:30.894617892,23:22:00,buy,504,551.72
634,AAPL,2023-01-05 14:35:59.899197983,11:11:31,sell,274,70.01
635,GOOGL,2023-01-05 14:46:28.903778075,19:23:56,buy,905,664.48
636,TSLA,2023-01-05 14:56:57.908358167,15:59:35,buy,618,654.2
637,FB,2023-01-05 15:07:26.912938258,22:58:28,buy,535,807.1
638,MSFT,2023-01-05 15:17:55.917518350,14:08:49,buy,282,68.6
639,TSLA,2023-01-05 15:28:24.922098441,05:00:16,buy,625,281.77
640,FB,2023-01-05 15:38:53.926678533,14:16:07,buy,334,935.75
641,NFLX,2023-01-05 15:49:22.931258625,20:16:04,buy,6,488.77
642,AMZN,2023-01-05 15:59:51.935838716,15:37:17,buy,563,429.5
643,FB,2023-01-05 16:10:20.940418808,21:13:21,sell,139,759.82
644,TSLA,2023-01-05 16:20:49.944998899,12:00:51,sell,527,155.55
645,TSLA,2023-01-05 16:31:18.949578991,01:47:22,buy,847,400.17
646,TSLA,2023-01-05 16:41:47.954159083,13:42:28,sell,522,565
647,MSFT,2023-01-05 16:52:16.958739174,04:19:43,buy,938,254.44
648,TSLA,2023-01-05 17:02:45.963319266,05:53:08,sell,557,166.39
649,AAPL,2023-01-05 17:13:14.967899358,16:37:55,sell,669,659.08
650,AMZN,2023-01-05 17:23:43.972479449,13:40:21,sell,986,743.45
651,NFLX,2023-01-05 17:34:12.977059541,20:27:07,buy,930,212.63
652,AAPL,2023-01-05 17:44:41.981639632,16:11:46,sell,964,331.32
653,NFLX,2023-01-05 17:55:10.986219724,13:42:20,buy,244,510.86
654,TSLA,2023-01-05 18:05:39.990799816,18:49:34,sell,95,866.24
655,NFLX,2023-01-05 18:16:08.995379907,21:17:10,sell,763,285.43
656,AMZN,2023-01-05 18:26:37.999959999,19:01:26,sell,411,414.31
657,GOOGL,2023-01-05 18:37:07.004540090,21:29:26,sell,518,600.49
658,GOOGL,2023-01-05 18:47:36.009120182,07:55:00,buy,181,945.33
659,FB,2023-01-05 18:58:05.013700274,09:30:17,sell,308,954.57
660,TSLA,2023-01-05 19:08:34.018280365,07:32:15,buy,221,945.96
661,AAPL,2023-01-05 19:19:03.022860457,02:08:36,sell,366,600.88
662,AAPL,2023-01-05 19:29:32.027440548,01:11:19,buy,476,702.19
663,MSFT,2023-01-05 19:40:01.032020640,00:37:09,sell,628,197.2
664,GOOGL,2023-01-05 19:50:30.036600732,16:34:07,buy,85,160.99
665,FB,2023-01-05 20:00:59.041180823,22:01:34,sell,588,384.58
666,AMZN,2023-01-05 20:11:28.045760915,16:09:56,buy,372,338.36
667,GOOGL,2023-01-05 20:21:57.050341006,10:05:53,sell,34,391.19
668,NFLX,2023-01-05 20:32:26.054921098,19:31:32,sell,663,929.51
669,TSLA,2023-01-05 20:42:55.059501190,11:04:12,buy,830,866.13
670,FB,2023-01-05 20:53:24.064081281,19:57:20,buy,796,930.69
671,NFLX,2023-01-05 21:03:53.068661373,02:36:15,sell,55,673.45
672,FB,2023-01-05 21:14:22.073241464,11:34:05,sell,541,293.45
673,AAPL,2023-01-05 21:24:51.077821556,03:48:11,sell,977,519.96
674,NFLX,2023-01-05 21:35:20.082401648,19:34:42,buy,782,486.91
675,NFLX,2023-01-05 21:45:49.086981739,04:27:59,buy,784,858.03
676,TSLA,2023-01-05 21:56:18.091561831,06:02:01,sell,137,403.26
677,FB,2023-01-05 22:06:47.096141922,02:47:50,sell,648,594
678,GOOGL,2023-01-05 22:17:16.100722014,09:22:58,buy,231,714.76
679,TSLA,2023-01-05 22:27:45.105302106,18:26:44,buy,195,732.61
680,AAPL,2023-01-05 22:38:14.109882197,14:44:12,sell,456,731.41
681,AAPL,2023-01-05 22:48:43.114462289,13:55:46,sell,129,174.65
682,AAPL,2023-01-05 22:59:12.119042380,16:27:41,sell,874,953.46
683,NFLX,2023-01-05 23:09:41.123622472,06:20:56,sell,163,183.12
684,FB,2023-01-05 23:20:10.128202564,14:02:43,buy,307,648.24
685,GOOGL,2023-01-05 23:30:39.132782655,05:33:59,sell,224,389.66
686,TSLA,2023-01-05 23:41:08.137362747,22:17:40,sell,834,63.71
687,TSLA,2023-01-05 23:51:37.141942838,20:33:17,buy,433,885.76
688,TSLA,2023-01-06 00:02:06.146522930,00:45:14,buy,670,780.73
689,AMZN,2023-01-06 00:12:35.151103022,12:27:15,buy,22,947.56
690,GOOGL,2023-01-06 00:23:04.155683113,01:52:21,buy,425,767.14
691,GOOGL,2023-01-06 00:33:33.160263205,01:59:11,sell,481,427.47
692,GOOGL,2023-01-06 00:44:02.164843296,11:45:12,buy,994,695.33
693,AMZN,2023-01-06 00:54:31.169423388,21:03:01,sell,790,145.72
694,FB,2023-01-06 01:05:00.174003480,03:57:04,sell,403,264
695,NFLX,2023-01-06 01:15:29.178583571,05:51:58,sell,895,984.29
696,NFLX,2023-01-06 01:25:58.183163663,10:31:22,sell,80,219.97
697,MSFT,2023-01-06 01:36:27.187743754,16:03:41,sell,758,217.2
698,FB,2023-01-06 01:46:56.192323846,15:19:11,sell,254,936.38
699,AAPL,2023-01-06 01:57:25.196903938,07:04:42,buy,504,182.87
700,NFLX,2023-01-06 02:07:54.201484029,20:12:50,buy,101,831.73
701,NFLX,2023-01-06 02:18:23.206064121,04:11:46,buy,736,111.55
702,MSFT,2023-01-06 02:28:52.210644212,23:07:15,sell,265,695.75
703,MSFT,2023-01-06 02:39:21.215224304,17:19:49,sell,309,607.11
704,FB,2023-01-06 02:49:50.219804396,08:27:35,buy,382,111.55
705,AMZN,2023-01-06 03:00:19.224384487,07:51:29,sell,878,539.69
706,AAPL,2023-01-06 03:10:48.228964579,14:16:41,buy,498,986.47
707,MSFT,2023-01-06 03:21:17.233544670,15:52:20,sell,877,619.37
708,FB,2023-01-06 03:31:46.238124762,10:53:06,sell,769,301.37
709,MSFT,2023-01-06 03:42:15.242704854,13:58:26,sell,643,107.34
710,AMZN,2023-01-06 03:52:44.247284945,08:35:14,buy,859,421.25
711,GOOGL,2023-01-06 04:03:13.251865037,08:02:12,buy,375,324.92
712,GOOGL,2023-01-06 04:13:42.256445128,02:03:11,sell,163,701.88
713,MSFT,2023-01-06 04:24:11.261025220,06:18:46,sell,934,904.88
714,AAPL,2023-01-06 04:34:40.265605312,17:59:16,buy,3,753.39
715,TSLA,2023-01-06 04:45:09.270185403,03:30:19,buy,640,276.92
716,GOOGL,2023-01-06 04:55:38.274765495,17:59:11,sell,864,102.61
717,AMZN,2023-01-06 05:06:07.279345586,15:54:17,sell,969,864.47
718,FB,2023-01-06 05:16:36.283925678,10:20:07,sell,973,822.9
719,AMZN,2023-01-06 05:27:05.288505770,05:28:44,sell,279,525.52
720,GOOGL,2023-01-06 05:37:34.293085861,16:30:32,sell,8,595.65
721,AAPL,2023-01-06 05:48:03.297665953,00:29:55,sell,408,68.27
722,NFLX,2023-01-06 05:58:32.302246044,01:43:41,sell,2,773.87
723,AAPL,2023-01-06 06:09:01.306826136,13:47:17,buy,579,161.17
724,FB,2023-01-06 06:19:30.311406228,11:45:28,sell,563,749.78
725,FB,2023-01-06 06:29:59.315986319,23:12:37,buy,105,542.91
726,NFLX,2023-01-06 06:40:28.320566411,11:28:56,buy,988,568.18
727,GOOGL,2023-01-06 06:50:57.325146502,04:35:22,sell,167,95.19
728,FB,2023-01-06 07:01:26.329726594,02:47:26,buy,56,661.05
729,AAPL,2023-01-06 07:11:55.334306686,00:36:29,buy,19,250.77
730,GOOGL,2023-01-06 07:22:24.338886777,12:24:25,sell,745,117.26
731,NFLX,2023-01-06 07:32:53.343466869,09:15:32,sell,669,788.53
732,MSFT,2023-01-06 07:43:22.348046960,02:44:30,buy,363,740.52
733,TSLA,2023-01-06 07:53:51.352627052,18:51:28,buy,336,660.09
734,TSLA,2023-01-06 08:04:20.357207144,23:50:43,buy,709,148.55
735,MSFT,2023-01-06 08:14:49.361787235,00:15:46,buy,261,930.91
736,AAPL,2023-01-06 08:25:18.366367327,16:38:42,buy,116,673.07
737,NFLX,2023-01-06 08:35:47.370947418,03:02:36,buy,578,583.22
738,AAPL,2023-01-06 08:46:16.375527510,03:55:39,buy,221,491.21
739,NFLX,2023-01-06 08:56:45.380107602,08:53:42,sell,421,377.45
740,MSFT,2023-01-06 09:07:14.384687693,07:48:28,sell,966,787.04
741,AMZN,2023-01-06 09:17:43.389267785,06:38:09,buy,262,432.47
742,GOOGL,2023-01-06 09:28:12.393847876,19:58:19,sell,985,99.3
743,AMZN,2023-01-06 09:38:41.398427968,14:30:41,sell,776,528.71
744,MSFT,2023-01-06 09:49:10.403008060,12:26:40,sell,318,629.1
745,MSFT,2023-01-06 09:59:39.407588151,04:39:11,buy,857,329.55
746,AMZN,2023-01-06 10:10:08.412168243,09:17:09,sell,777,78.93
747,NFLX,2023-01-06 10:20:37.416748334,07:04:55,sell,625,220.17
748,TSLA,2023-01-06 10:31:06.421328426,13:07:28,buy,608,445.54
749,NFLX,2023-01-06 10:41:35.425908518,20:09:48,buy,898,527.39
750,TSLA,2023-01-06 10:52:04.430488609,12:05:06,buy,164,959.41
751,FB,2023-01-06 11:02:33.435068701,01:40:20,sell,648,377.25
752,NFLX,2023-01-06 11:13:02.439648792,21:43:26,buy,528,206.2
753,TSLA,2023-01-06 11:23:31.444228884,13:58:50,sell,659,412.87
754,AMZN,2023-01-06 11:34:00.448808976,07:26:22,sell,676,466.88
755,MSFT,2023-01-06 11:44:29.453389067,15:35:00,sell,826,146.25
756,FB,2023-01-06 11:54:58.457969159,08:46:39,sell,183,930.83
757,NFLX,2023-01-06 12:05:27.462549250,17:04:27,sell,438,924.46
758,TSLA,2023-01-06 12:15:56.467129342,21:22:09,buy,9,215.53
759,NFLX,2023-01-06 12:26:25.471709434,04:42:41,sell,146,656.44
760,MSFT,2023-01-06 12:36:54.476289525,07:10:29,buy,993,228.81
761,AMZN,2023-01-06 12:47:23.480869617,23:22:12,buy,588,812.37
762,TSLA,2023-01-06 12:57:52.485449709,01:19:50,buy,890,617.03
763,FB,2023-01-06 13:08:21.490029800,16:47:02,buy,816,906.74
764,TSLA,2023-01-06 13:18:50.494609892,20:27:49,sell,857,858.78
765,FB,2023-01-06 13:29:19.499189983,09:20:28,sell,290,696.02
766,TSLA,2023-01-06 13:39:48.503770075,16:09:43,buy,211,325.32
767,NFLX,2023-01-06 13:50:17.508350167,23:52:22,sell,124,768.3
768,AAPL,2023-01-06 14:00:46.512930258,17:42:02,buy,512,981.28
769,FB,2023-01-06 14:11:15.517510350,23:40:17,sell,507,345.84
770,FB,2023-01-06 14:21:44.522090441,13:20:14,sell,256,489.68
771,FB,2023-01-06 14:32:13.526670533,00:42:37,sell,166,968.85
772,MSFT,2023-01-06 14:42:42.531250625,23:39:37,sell,192,232.78
773,AMZN,2023-01-06 14:53:11.535830716,11:53:17,sell,49,715.95
774,TSLA,2023-01-06 15:03:40.540410808,16:38:55,buy,59,269.61
775,AAPL,2023-01-06 15:14:09.544990899,16:30:55,buy,258,250.32
776,MSFT,2023-01-06 15:24:38.549570991,11:07:12,buy,678,904.85
777,FB,2023-01-06 15:35:07.554151083,19:43:20,sell,654,125.95
778,GOOGL,2023-01-06 15:45:36.558731174,07:11:18,buy,955,644.54
779,GOOGL,2023-01-06 15:56:05.563311266,18:07:25,sell,419,516.16
780,NFLX,2023-01-06 16:06:34.567891357,05:15:01,buy,731,362.32
781,AAPL,2023-01-06 16:17:03.572471449,14:58:39,buy,143,424.71
782,AAPL,2023-01-06 16:27:32.577051541,14:39:32,sell,731,778.37
783,AMZN,2023-01-06 16:38:01.581631632,18:06:25,sell,42,689.51
784,AMZN,2023-01-06 16:48:30.586211724,16:14:16,buy,592,606.48
785,FB,2023-01-06 16:58:59.590791815,21:24:42,sell,684,948.27
786,FB,2023-01-06 17:09:28.595371907,06:51:59,buy,277,346.61
787,NFLX,2023-01-06 17:19:57.599951999,10:07:36,sell,886,612.55
788,MSFT,2023-01-06 17:30:26.604532090,00:06:54,buy,352,211.45
789,NFLX,2023-01-06 17:40:55.609112182,17:14:32,sell,799,673.98
790,MSFT,2023-01-06 17:51:24.613692273,17:35:44,buy,496,112.79
791,NFLX,2023-01-06 18:01:53.618272365,17:24:04,buy,167,364.17
792,AAPL,2023-01-06 18:12:22.622852457,17:34:40,sell,669,696.44
793,FB,2023-01-06 18:22:51.627432548,15:33:47,sell,289,791.59
794,GOOGL,2023-01-06 18:33:20.632012640,11:03:23,buy,510,832.69
795,AMZN,2023-01-06 18:43:49.636592731,12:10:10,sell,927,985.49
796,NFLX,2023-01-06 18:54:18.641172823,04:43:42,sell,635,712.55
797,AMZN,2023-01-06 19:04:47.645752915,10:28:42,sell,47,671.51
798,MSFT,2023-01-06 19:15:16.650333006,04:05:47,sell,342,64.19
799,GOOGL,2023-01-06 19:25:45.654913098,10:50:06,buy,138,264.43
800,TSLA,2023-01-06 19:36:14.659493189,01:19:44,sell,862,682.58
801,AMZN,2023-01-06 19:46:43.664073281,16:48:47,sell,461,583.57
802,MSFT,2023-01-06 19:57:12.668653373,11:46:12,buy,537,224.31
803,FB,2023-01-06 20:07:41.673233464,09:42:09,sell,884,210.35
804,AAPL,2023-01-06 20:18:10.677813556,07:08:19,buy,611,725.8
805,AAPL,2023-01-06 20:28:39.682393647,20:36:07,sell,537,170.68
806,NFLX,2023-01-06 20:39:08.686973739,12:22:32,sell,215,967.61
807,GOOGL,2023-01-06 20:49:37.691553831,15:43:08,sell,297,424.11
808,NFLX,2023-01-06 21:00:06.696133922,18:49:22,buy,563,910.41
809,MSFT,2023-01-06 21:10:35.700714014,15:24:55,sell,742,393.89
810,AMZN,2023-01-06 21:21:04.705294105,19:48:38,buy,318,585.6
811,AMZN,2023-01-06 21:31:33.709874197,00:32:47,sell,501,517.55
812,NFLX,2023-01-06 21:42:02.714454289,23:24:47,sell,849,850.64
813,MSFT,2023-01-06 21:52:31.719034380,01:56:48,buy,410,282.31
814,MSFT,2023-01-06 22:03:00.723614472,02:10:44,sell,20,753.28
815,NFLX,2023-01-06 22:13:29.728194563,11:48:17,buy,929,593.31
816,NFLX,2023-01-06 22:23:58.732774655,09:16:36,buy,102,133.24
817,AMZN,2023-01-06 22:34:27.737354747,17:14:28,buy,811,156.25
818,NFLX,2023-01-06 22:44:56.741934838,12:23:41,sell,788,415.69
819,NFLX,2023-01-06 22:55:25.746514930,10:42:34,buy,146,334.57
820,FB,2023-01-06 23:05:54.751095021,22:01:36,sell,240,244.57
821,AAPL,2023-01-06 23:16:23.755675113,11:32:23,sell,729,771.86
822,MSFT,2023-01-06 23:26:52.760255205,06:59:31,buy,262,899.61
823,AAPL,2023-01-06 23:37:21.764835296,03:20:39,sell,319,253.87
824,AAPL,2023-01-06 23:47:50.769415388,20:40:56,buy,648,157.27
825,MSFT,2023-01-06 23:58:19.773995479,01:39:08,buy,159,250.39
826,FB,2023-01-07 00:08:48.778575571,06:35:13,buy,70,691.74
827,TSLA,2023-01-07 00:19:17.783155663,23:03:34,buy,167,987.76
828,AAPL,2023-01-07 00:29:46.787735754,07:11:56,sell,706,851.77
829,AAPL,2023-01-07 00:40:15.792315846,22:00:29,buy,784,242.35
830,FB,2023-01-07 00:50:44.796895937,14:08:08,buy,266,632.95
831,NFLX,2023-01-07 01:01:13.801476029,07:00:44,buy,568,162.09
832,MSFT,2023-01-07 01:11:42.806056121,04:02:58,buy,588,536.89
833,AMZN,2023-01-07 01:22:11.810636212,08:29:01,sell,748,215.24
834,TSLA,2023-01-07 01:32:40.815216304,17:49:08,buy,475,575.04
835,TSLA,2023-01-07 01:43:09.819796395,22:20:39,sell,546,495.24
836,TSLA,2023-01-07 01:53:38.824376487,03:39:51,sell,934,674.93
837,GOOGL,2023-01-07 02:04:07.828956579,12:06:53,buy,545,894.98
838,MSFT,2023-01-07 02:14:36.833536670,13:59:40,sell,663,190.31
839,NFLX,2023-01-07 02:25:05.838116762,17:08:51,buy,435,301.9
840,AAPL,2023-01-07 02:35:34.842696853,21:03:56,buy,510,601.11
841,MSFT,2023-01-07 02:46:03.847276945,08:38:50,sell,192,171.37
842,NFLX,2023-01-07 02:56:32.851857037,18:38:22,sell,919,779.13
843,NFLX,2023-01-07 03:07:01.856437128,21:38:26,sell,461,863.42
844,AAPL,2023-01-07 03:17:30.861017220,08:20:59,buy,68,267.55
845,FB,2023-01-07 03:27:59.865597311,16:02:24,sell,365,977.86
846,AMZN,2023-01-07 03:38:28.870177403,08:28:12,sell,678,814.18
847,GOOGL,2023-01-07 03:48:57.874757495,21:51:21,buy,499,186.17
848,MSFT,2023-01-07 03:59:26.879337586,13:43:44,sell,655,633.18
849,TSLA,2023-01-07 04:09:55.883917678,10:10:13,sell,389,146.62
850,AMZN,2023-01-07 04:20:24.888497769,15:33:36,buy,601,286.36
851,NFLX,2023-01-07 04:30:53.893077861,05:38:24,sell,976,256.3
852,AAPL,2023-01-07 04:41:22.897657953,23:52:11,sell,141,640.73
853,MSFT,2023-01-07 04:51:51.902238044,18:16:07,sell,413,724.93
854,FB,2023-01-07 05:02:20.906818136,14:03:58,sell,902,633.24
855,AAPL,2023-01-07 05:12:49.911398227,10:52:42,sell,495,890.96
856,NFLX,2023-01-07 05:23:18.915978319,12:03:58,sell,764,86.16
857,AMZN,2023-01-07 05:33:47.920558411,21:49:25,buy,159,937.95
858,TSLA,2023-01-07 05:44:16.925138502,14:28:47,sell,285,492.15
859,AAPL,2023-01-07 05:54:45.929718594,09:56:08,sell,103,861.08
860,MSFT,2023-01-07 06:05:14.934298685,01:21:55,buy,724,575.88
861,AMZN,2023-01-07 06:15:43.938878777,06:33:00,buy,913,125.72
862,AAPL,2023-01-07 06:26:12.943458869,06:12:05,sell,358,82.76
863,AAPL,2023-01-07 06:36:41.948038960,00:43:45,sell,685,909.8
864,FB,2023-01-07 06:47:10.952619052,19:58:53,sell,506,917
865,AAPL,2023-01-07 06:57:39.957199143,05:09:21,sell,212,905.95
866,MSFT,2023-01-07 07:08:08.961779235,02:15:10,sell,364,647.35
867,FB,2023-01-07 07:18:37.966359327,21:36:32,buy,485,928.33
868,NFLX,2023-01-07 07:29:06.970939418,07:07:04,buy,562,488.4
869,AMZN,2023-01-07 07:39:35.975519510,15:38:49,buy,356,240.98
870,AMZN,2023-01-07 07:50:04.980099602,22:13:45,buy,739,489.81
871,TSLA,2023-01-07 08:00:33.984679693,14:47:38,sell,290,659.18
872,AMZN,2023-01-07 08:11:02.989259785,19:44:53,sell,834,547.68
873,MSFT,2023-01-07 08:21:31.993839876,20:53:15,sell,515,807.65
874,AMZN,2023-01-07 08:32:00.998419968,12:15:24,sell,639,259.21
875,NFLX,2023-01-07 08:42:30.003000060,05:06:32,buy,757,630.64
876,TSLA,2023-01-07 08:52:59.007580151,16:00:43,sell,588,978.57
877,TSLA,2023-01-07 09:03:28.012160243,16:13:31,sell,999,134.44
878,TSLA,2023-01-07 09:13:57.016740334,10:34:12,buy,955,977.59
879,AMZN,2023-01-07 09:24:26.021320426,07:34:00,sell,45,806.43
880,FB,2023-01-07 09:34:55.025900518,12:08:19,buy,464,109.99
881,GOOGL,2023-01-07 09:45:24.030480609,18:24:24,buy,913,771.82
882,TSLA,2023-01-07 09:55:53.035060701,17:00:36,buy,427,625.92
883,AAPL,2023-01-07 10:06:22.039640792,00:43:47,sell,400,820.91
884,FB,2023-01-07 10:16:51.044220884,01:31:07,buy,186,247.55
885,MSFT,2023-01-07 10:27:20.048800976,11:53:34,sell,265,912.65
886,AAPL,2023-01-07 10:37:49.053381067,19:36:25,buy,562,367.13
887,MSFT,2023-01-07 10:48:18.057961159,14:18:24,sell,200,259.17
888,AAPL,2023-01-07 10:58:47.062541250,07:31:01,sell,375,533.91
889,NFLX,2023-01-07 11:09:16.067121342,05:54:42,sell,567,802.13
890,FB,2023-01-07 11:19:45.071701434,23:58:17,buy,64,297.01
891,MSFT,2023-01-07 11:30:14.076281525,02:03:18,sell,985,256.77
892,GOOGL,2023-01-07 11:40:43.080861617,14:49:26,buy,787,228.22
893,GOOGL,2023-01-07 11:51:12.085441708,10:03:18,sell,782,302.8
894,FB,2023-01-07 12:01:41.090021800,20:20:16,buy,807,182.17
895,FB,2023-01-07 12:12:10.094601892,19:23:55,buy,41,960.49
896,FB,2023-01-07 12:22:39.099181983,03:46:30,buy,875,731.76
897,NFLX,2023-01-07 12:33:08.103762075,00:46:58,sell,304,900.32
898,TSLA,2023-01-07 12:43:37.108342166,21:02:11,sell,822,676.02
899,FB,2023-01-07 12:54:06.112922258,22:04:23,sell,315,215.63
900,FB,2023-01-07 13:04:35.117502350,22:30:48,sell,770,67.1
901,TSLA,2023-01-07 13:15:04.122082441,14:06:15,sell,780,961.27
902,NFLX,2023-01-07 13:25:33.126662533,13:21:22,buy,760,983.18
903,AAPL,2023-01-07 13:36:02.131242624,16:33:25,buy,137,921.41
904,AMZN,2023-01-07 13:46:31.135822716,07:21:41,buy,748,283.13
905,MSFT,2023-01-07 13:57:00.140402808,02:10:51,sell,992,344.52
906,AMZN,2023-01-07 14:07:29.144982899,10:00:20,buy,312,318.16
907,AAPL,2023-01-07 14:17:58.149562991,03:07:15,sell,772,981.88
908,NFLX,2023-01-07 14:28:27.154143082,13:00:46,sell,295,838.13
909,TSLA,2023-01-07 14:38:56.158723174,02:43:32,buy,37,247.02
910,AMZN,2023-01-07 14:49:25.163303266,16:01:00,buy,754,380.6
911,NFLX,2023-01-07 14:59:54.167883357,06:48:06,sell,180,306.91
912,TSLA,2023-01-07 15:10:23.172463449,16:03:21,sell,430,779.18
913,FB,2023-01-07 15:20:52.177043540,08:31:20,buy,431,192.02
914,NFLX,2023-01-07 15:31:21.181623632,21:24:22,buy,217,747.35
915,AAPL,2023-01-07 15:41:50.186203724,17:09:05,buy,194,502.89
916,FB,2023-01-07 15:52:19.190783815,11:41:52,buy,864,565.02
917,AAPL,2023-01-07 16:02:48.195363907,22:55:06,sell,451,797.37
918,AMZN,2023-01-07 16:13:17.199943998,19:36:14,buy,484,836.23
919,AMZN,2023-01-07 16:23:46.204524090,00:24:01,buy,625,106.51
920,NFLX,2023-01-07 16:34:15.209104182,15:56:50,buy,385,826.19
921,TSLA,2023-01-07 16:44:44.213684273,14:30:31,buy,614,514.35
922,MSFT,2023-01-07 16:55:13.218264365,20:42:19,sell,341,898.31
923,AMZN,2023-01-07 17:05:42.222844456,07:49:43,buy,391,342.07
924,FB,2023-01-07 17:16:11.227424548,17:32:19,sell,240,116.27
925,GOOGL,2023-01-07 17:26:40.232004640,10:24:45,buy,543,775.27
926,AAPL,2023-01-07 17:37:09.236584731,07:35:50,sell,123,128.5
927,FB,2023-01-07 17:47:38.241164823,11:24:08,buy,788,695.55
928,TSLA,2023-01-07 17:58:07.245744914,00:50:52,buy,507,912.94
929,MSFT,2023-01-07 18:08:36.250325006,22:26:10,buy,949,546.51
930,NFLX,2023-01-07 18:19:05.254905098,12:39:10,buy,198,344.11
931,GOOGL,2023-01-07 18:29:34.259485189,09:13:55,sell,959,751.41
932,MSFT,2023-01-07 18:40:03.264065281,16:17:24,buy,162,507.35
933,AMZN,2023-01-07 18:50:32.268645372,12:20:58,buy,506,521.19
934,AAPL,2023-01-07 19:01:01.273225464,03:19:22,sell,299,960.41
935,FB,2023-01-07 19:11:30.277805556,19:11:58,sell,16,235.37
936,AMZN,2023-01-07 19:21:59.282385647,07:58:59,sell,526,958.65
937,FB,2023-01-07 19:32:28.286965739,11:40:03,sell,464,896.14
938,MSFT,2023-01-07 19:42:57.291545830,13:51:03,buy,757,411.87
939,MSFT,2023-01-07 19:53:26.296125922,20:01:02,buy,297,797.28
940,AAPL,2023-01-07 20:03:55.300706014,21:18:52,buy,848,909.42
941,GOOGL,2023-01-07 20:14:24.305286105,14:29:42,buy,625,250.99
942,GOOGL,2023-01-07 20:24:53.309866197,12:27:03,buy,514,741.69
943,FB,2023-01-07 20:35:22.314446288,11:56:26,buy,999,232.21
944,NFLX,2023-01-07 20:45:51.319026380,10:07:01,sell,959,300.23
945,GOOGL,2023-01-07 20:56:20.323606472,23:24:52,sell,224,879.83
946,AMZN,2023-01-07 21:06:49.328186563,10:21:27,buy,917,901.75
947,TSLA,2023-01-07 21:17:18.332766655,23:04:37,buy,137,672.49
948,TSLA,2023-01-07 21:27:47.337346746,17:20:10,buy,363,857.48
949,AMZN,2023-01-07 21:38:16.341926838,22:25:25,buy,639,675.61
950,AAPL,2023-01-07 21:48:45.346506930,15:20:16,sell,520,584.88
951,MSFT,2023-01-07 21:59:14.351087021,16:41:57,buy,667,945.44
952,AAPL,2023-01-07 22:09:43.355667113,01:32:08,buy,575,725.32
953,TSLA,2023-01-07 22:20:12.360247204,10:43:47,sell,996,678.62
954,GOOGL,2023-01-07 22:30:41.364827296,10:50:10,sell,812,264.48
955,MSFT,2023-01-07 22:41:10.369407388,23:48:35,buy,970,331.67
956,GOOGL,2023-01-07 22:51:39.373987479,22:08:45,buy,796,153.53
957,TSLA,2023-01-07 23:02:08.378567571,02:55:47,buy,103,569.43
958,MSFT,2023-01-07 23:12:37.383147662,20:55:16,sell,523,242.71
959,AMZN,2023-01-07 23:23:06.387727754,13:34:24,sell,822,220.25
960,AAPL,2023-01-07 23:33:35.392307846,19:06:03,sell,962,547.93
961,FB,2023-01-07 23:44:04.396887937,08:01:14,sell,81,182.24
962,AAPL,2023-01-07 23:54:33.401468029,13:53:35,buy,271,351.01
963,FB,2023-01-08 00:05:02.406048121,06:12:09,sell,58,990.48
964,GOOGL,2023-01-08 00:15:31.410628212,09:09:48,buy,590,348.13
965,AMZN,2023-01-08 00:26:00.415208304,19:41:14,sell,435,292.35
966,GOOGL,2023-01-08 00:36:29.419788395,05:41:10,buy,528,859.7
967,AAPL,2023-01-08 00:46:58.424368487,00:49:43,buy,964,192.4
968,TSLA,2023-01-08 00:57:27.428948579,15:23:37,buy,625,575.25
969,FB,2023-01-08 01:07:56.433528670,21:40:51,buy,159,261.25
970,TSLA,2023-01-08 01:18:25.438108762,08:22:23,sell,264,836.31
971,AMZN,2023-01-08 01:28:54.442688853,12:46:01,buy,911,946.8
972,GOOGL,2023-01-08 01:39:23.447268945,10:20:36,buy,561,107.37
973,NFLX,2023-01-08 01:49:52.451849037,11:57:13,sell,263,545.62
974,MSFT,2023-01-08 02:00:21.456429128,11:02:08,buy,459,505.82
975,AMZN,2023-01-08 02:10:50.461009220,19:15:49,buy,373,764.81
976,FB,2023-01-08 02:21:19.465589311,20:02:54,sell,132,548.76
977,NFLX,2023-01-08 02:31:48.470169403,01:04:36,sell,903,474.89
978,AMZN,2023-01-08 02:42:17.474749495,01:45:27,buy,664,368.97
979,GOOGL,2023-01-08 02:52:46.479329586,14:09:01,buy,962,616.65
980,MSFT,2023-01-08 03:03:15.483909678,18:04:56,sell,684,267.1
981,NFLX,2023-01-08 03:13:44.488489769,11:04:12,sell,995,795.49
982,GOOGL,2023-01-08 03:24:13.493069861,17:05:19,buy,947,251.89
983,FB,2023-01-08 03:34:42.497649953,22:16:28,buy,822,324.41
984,FB,2023-01-08 03:45:11.502230044,22:36:46,buy,843,679.75
985,GOOGL,2023-01-08 03:55:40.506810136,11:28:37,sell,470,789.73
986,AAPL,2023-01-08 04:06:09.511390227,01:49:56,buy,552,77.46
987,AAPL,2023-01-08 04:16:38.515970319,06:15:01,sell,458,900.56
988,FB,2023-01-08 04:27:07.520550411,12:46:29,buy,71,938.2
989,FB,2023-01-08 04:37:36.525130502,15:46:06,buy,204,231.74
990,NFLX,2023-01-08 04:48:05.529710594,22:07:23,sell,602,841.67
991,NFLX,2023-01-08 04:58:34.534290685,12:45:12,sell,351,392.22
992,AAPL,2023-01-08 05:09:03.538870777,15:33:35,sell,623,583.05
993,MSFT,2023-01-08 05:19:32.543450869,21:37:05,buy,718,146.43
994,MSFT,2023-01-08 05:30:01.548030960,18:28:06,buy,257,471.67
995,TSLA,2023-01-08 05:40:30.552611052,21:03:18,buy,550,659.78
996,GOOGL,2023-01-08 05:50:59.557191143,09:49:47,sell,350,256.5
997,FB,2023-01-08 06:01:28.561771235,12:02:29,sell,277,774.49
998,NFLX,2023-01-08 06:11:57.566351327,07:27:00,buy,621,454.59
999,NFLX,2023-01-08 06:22:26.570931418,15:49:58,sell,797,115.65
1000,FB,2023-01-08 06:32:55.575511510,07:49:17,sell,658,172.08
1001,FB,2023-01-08 06:43:24.580091601,08:21:46,buy,600,250.7
1002,GOOGL,2023-01-08 06:53:53.584671693,11:02:28,buy,488,840.59
1003,GOOGL,2023-01-08 07:04:22.589251785,06:55:45,sell,515,638.2
1004,AAPL,2023-01-08 07:14:51.593831876,21:00:33,sell,584,532.91
1005,AAPL,2023-01-08 07:25:20.598411968,15:25:46,buy,45,478.63
1006,FB,2023-01-08 07:35:49.602992059,02:03:54,sell,562,940.56
1007,MSFT,2023-01-08 07:46:18.607572151,20:02:41,buy,325,807.07
1008,MSFT,2023-01-08 07:56:47.612152243,14:48:54,buy,971,544.88
1009,MSFT,2023-01-08 08:07:16.616732334,21:57:21,buy,880,360.33
1010,NFLX,2023-01-08 08:17:45.621312426,04:43:40,sell,495,674.58
1011,GOOGL,2023-01-08 08:28:14.625892517,02:19:31,buy,110,120.89
1012,TSLA,2023-01-08 08:38:43.630472609,08:21:58,buy,17,810.7
1013,FB,2023-01-08 08:49:12.635052701,00:31:50,sell,67,323.54
1014,AAPL,2023-01-08 08:59:41.639632792,05:28:31,buy,278,680.82
1015,TSLA,2023-01-08 09:10:10.644212884,21:48:54,buy,444,589.47
1016,AAPL,2023-01-08 09:20:39.648792975,17:35:43,buy,297,659.77
1017,MSFT,2023-01-08 09:31:08.653373067,21:34:02,sell,993,401.27
1018,GOOGL,2023-01-08 09:41:37.657953159,07:26:54,sell,213,682.77
1019,AMZN,2023-01-08 09:52:06.662533250,20:43:22,buy,472,369.77
1020,AAPL,2023-01-08 10:02:35.667113342,18:33:57,sell,178,187.77
1021,FB,2023-01-08 10:13:04.671693433,17:55:37,sell,698,91.05
1022,NFLX,2023-01-08 10:23:33.676273525,01:27:54,buy,590,830.59
1023,NFLX,2023-01-08 10:34:02.680853617,05:19:09,sell,568,668.01
1024,AAPL,2023-01-08 10:44:31.685433708,04:47:48,sell,342,166.8
1025,MSFT,2023-01-08 10:55:00.690013800,00:51:32,sell,248,928.52
1026,MSFT,2023-01-08 11:05:29.694593891,03:10:05,buy,13,439.73
1027,NFLX,2023-01-08 11:15:58.699173983,01:55:18,buy,743,446.89
1028,NFLX,2023-01-08 11:26:27.703754075,06:27:08,sell,423,173.04
1029,AAPL,2023-01-08 11:36:56.708334166,21:31:35,sell,801,322.46
1030,TSLA,2023-01-08 11:47:25.712914258,13:57:12,buy,241,441.17
1031,AAPL,2023-01-08 11:57:54.717494349,17:37:07,sell,173,438.93
1032,GOOGL,2023-01-08 12:08:23.722074441,12:23:50,sell,884,228.14
1033,NFLX,2023-01-08 12:18:52.726654533,03:39:34,sell,121,789.66
1034,GOOGL,2023-01-08 12:29:21.731234624,22:17:20,sell,997,133.31
1035,AMZN,2023-01-08 12:39:50.735814716,21:26:08,buy,364,577.2
1036,NFLX,2023-01-08 12:50:19.740394807,15:00:51,buy,242,497.57
1037,MSFT,2023-01-08 13:00:48.744974899,06:34:44,sell,927,539.59
1038,FB,2023-01-08 13:11:17.749554991,17:59:32,buy,78,152.78
1039,MSFT,2023-01-08 13:21:46.754135082,04:37:17,buy,797,839.92
1040,AAPL,2023-01-08 13:32:15.758715174,07:11:30,sell,7,294.31
1041,AAPL,2023-01-08 13:42:44.763295265,06:19:20,buy,324,748.67
1042,FB,2023-01-08 13:53:13.767875357,03:34:38,buy,941,699.02
1043,NFLX,2023-01-08 14:03:42.772455449,15:47:50,buy,601,723.56
1044,MSFT,2023-01-08 14:14:11.777035540,18:00:37,sell,156,399.58
1045,AMZN,2023-01-08 14:24:40.781615632,00:51:19,sell,191,377.54
1046,FB,2023-01-08 14:35:09.786195723,09:01:36,buy,361,858.29
1047,MSFT,2023-01-08 14:45:38.790775815,05:39:09,sell,931,290.57
1048,FB,2023-01-08 14:56:07.795355907,09:41:15,sell,161,483.77
1049,FB,2023-01-08 15:06:36.799935998,21:16:52,sell,257,634.94
1050,GOOGL,2023-01-08 15:17:05.804516090,22:50:09,sell,733,354.56
1051,NFLX,2023-01-08 15:27:34.809096181,17:03:54,sell,400,678.38
1052,GOOGL,2023-01-08 15:38:03.813676273,21:09:51,buy,241,614.37
1053,AAPL,2023-01-08 15:48:32.818256365,15:36:37,buy,233,357.87
1054,NFLX,2023-01-08 15:59:01.822836456,09:33:07,sell,290,297.77
1055,GOOGL,2023-01-08 16:09:30.827416548,01:20:41,sell,14,278.62
1056,NFLX,2023-01-08 16:19:59.831996639,16:52:05,buy,642,122.4
1057,MSFT,2023-01-08 16:30:28.836576731,12:51:36,sell,27,122.37
1058,AMZN,2023-01-08 16:40:57.841156823,08:30:15,buy,932,192.25
1059,NFLX,2023-01-08 16:51:26.845736914,03:28:33,sell,898,169.06
1060,AMZN,2023-01-08 17:01:55.850317006,06:53:54,sell,206,784.19
1061,AMZN,2023-01-08 17:12:24.854897097,15:11:54,sell,380,69.28
1062,GOOGL,2023-01-08 17:22:53.859477189,20:03:53,buy,964,274.19
1063,FB,2023-01-08 17:33:22.864057281,02:43:55,sell,295,692.49
1064,TSLA,2023-01-08 17:43:51.868637372,14:07:29,sell,775,807.83
1065,FB,2023-01-08 17:54:20.873217464,04:20:31,buy,204,897.47
1066,FB,2023-01-08 18:04:49.877797555,22:56:25,sell,142,845.35
1067,NFLX,2023-01-08 18:15:18.882377647,21:20:24,sell,76,299.62
1068,MSFT,2023-01-08 18:25:47.886957739,11:46:22,buy,345,722.83
1069,AAPL,2023-01-08 18:36:16.891537830,05:33:25,buy,285,755.11
1070,FB,2023-01-08 18:46:45.896117922,03:19:17,buy,938,644.64
1071,AMZN,2023-01-08 18:57:14.900698013,00:08:12,sell,59,532.49
1072,AAPL,2023-01-08 19:07:43.905278105,03:51:42,buy,457,957.37
1073,TSLA,2023-01-08 19:18:12.909858197,06:57:41,sell,51,492.27
1074,AAPL,2023-01-08 19:28:41.914438288,03:31:58,sell,362,736.68
1075,AAPL,2023-01-08 19:39:10.919018380,10:10:26,buy,641,288.11
1076,GOOGL,2023-01-08 19:49:39.923598472,13:11:47,buy,217,813.58
1077,GOOGL,2023-01-08 20:00:08.928178563,00:41:55,sell,492,179.82
1078,FB,2023-01-08 20:10:37.932758655,05:19:33,buy,376,124.22
1079,TSLA,2023-01-08 20:21:06.937338746,20:04:15,buy,41,545.64
1080,AMZN,2023-01-08 20:31:35.941918838,11:26:14,buy,562,292.08
1081,GOOGL,2023-01-08 20:42:04.946498930,00:16:13,sell,919,239.44
1082,AAPL,2023-01-08 20:52:33.951079021,01:59:01,sell,565,525.83
1083,GOOGL,2023-01-08 21:03:02.955659113,08:38:37,sell,456,285.78
1084,NFLX,2023-01-08 21:13:31.960239204,16:50:54,buy,942,506.83
1085,MSFT,2023-01-08 21:24:00.964819296,01:56:48,buy,930,587.7
1086,TSLA,2023-01-08 21:34:29.969399388,22:33:39,buy,812,648.23
1087,AMZN,2023-01-08 21:44:58.973979479,20:30:45,sell,56,611.39
1088,TSLA,2023-01-08 21:55:27.978559571,14:43:58,sell,337,214.09
1089,FB,2023-01-08 22:05:56.983139662,17:20:28,sell,764,922.65
1090,NFLX,2023-01-08 22:16:25.987719754,16:37:34,buy,359,813.25
1091,TSLA,2023-01-08 22:26:54.992299846,20:24:46,buy,457,519.92
1092,AMZN,2023-01-08 22:37:23.996879937,01:22:49,sell,395,846.37
1093,FB,2023-01-08 22:47:53.001460029,11:44:34,buy,904,869.15
1094,MSFT,2023-01-08 22:58:22.006040120,20:55:26,sell,88,651.29
1095,GOOGL,2023-01-08 23:08:51.010620212,18:56:16,sell,933,942.5
1096,TSLA,2023-01-08 23:19:20.015200304,05:44:58,sell,105,382.52
1097,AAPL,2023-01-08 23:29:49.019780395,11:47:41,sell,689,266.94
1098,AMZN,2023-01-08 23:40:18.024360487,20:45:38,buy,359,637.83
1099,GOOGL,2023-01-08 23:50:47.028940578,02:01:24,buy,651,325.08
1100,MSFT,2023-01-09 00:01:16.033520670,20:32:28,buy,716,672.06
1101,AMZN,2023-01-09 00:11:45.038100762,23:14:08,sell,420,357.94
1102,NFLX,2023-01-09 00:22:14.042680853,17:28:12,sell,115,277.85
1103,MSFT,2023-01-09 00:32:43.047260945,13:12:58,sell,709,436.96
1104,AAPL,2023-01-09 00:43:12.051841036,02:21:55,sell,536,682.56
1105,MSFT,2023-01-09 00:53:41.056421128,16:02:03,buy,904,102.29
1106,MSFT,2023-01-09 01:04:10.061001220,00:22:17,buy,13,367.15
1107,MSFT,2023-01-09 01:14:39.065581311,06:07:22,buy,734,266.52
1108,TSLA,2023-01-09 01:25:08.070161403,21:33:35,sell,949,806.47
1109,MSFT,2023-01-09 01:35:37.074741494,05:22:13,buy,469,244.42
1110,MSFT,2023-01-09 01:46:06.079321586,11:02:16,sell,817,827.39
1111,AAPL,2023-01-09 01:56:35.083901678,11:15:11,buy,557,697.66
1112,AMZN,2023-01-09 02:07:04.088481769,20:34:24,buy,71,640
1113,NFLX,2023-01-09 02:17:33.093061861,21:39:29,sell,559,942.62
1114,AAPL,2023-01-09 02:28:02.097641952,07:36:55,sell,760,927.29
1115,MSFT,2023-01-09 02:38:31.102222044,01:03:40,sell,989,555.41
1116,FB,2023-01-09 02:49:00.106802136,18:33:56,buy,427,977.24
1117,GOOGL,2023-01-09 02:59:29.111382227,13:19:20,buy,773,461.06
1118,FB,2023-01-09 03:09:58.115962319,03:27:23,sell,457,584.2
1119,FB,2023-01-09 03:20:27.120542410,20:05:25,sell,989,135.93
1120,GOOGL,2023-01-09 03:30:56.125122502,19:25:32,buy,834,783.75
1121,FB,2023-01-09 03:41:25.129702594,04:44:08,sell,151,273.13
1122,MSFT,2023-01-09 03:51:54.134282685,20:15:28,sell,203,767.5
1123,AMZN,2023-01-09 04:02:23.138862777,16:03:04,buy,131,936.67
1124,MSFT,2023-01-09 04:12:52.143442868,04:43:58,buy,869,814.51
1125,AAPL,2023-01-09 04:23:21.148022960,07:54:31,buy,229,247.01
1126,FB,2023-01-09 04:33:50.152603052,01:01:48,sell,259,675.42
1127,GOOGL,2023-01-09 04:44:19.157183143,18:31:16,sell,550,554.98
1128,AAPL,2023-01-09 04:54:48.161763235,21:57:01,buy,914,123.95
1129,TSLA,2023-01-09 05:05:17.166343326,19:00:28,buy,345,489.11
1130,FB,2023-01-09 05:15:46.170923418,08:08:02,sell,886,266.99
1131,NFLX,2023-01-09 05:26:15.175503510,23:13:30,buy,154,528.07
1132,AAPL,2023-01-09 05:36:44.180083601,15:19:59,buy,915,960.08
1133,GOOGL,2023-01-09 05:47:13.184663693,03:34:05,sell,884,541.5
1134,MSFT,2023-01-09 05:57:42.189243784,17:51:07,sell,637,662.58
1135,AMZN,2023-01-09 06:08:11.193823876,09:58:09,buy,785,734.17
1136,AAPL,2023-01-09 06:18:40.198403968,16:13:58,sell,406,679.89
1137,NFLX,2023-01-09 06:29:09.202984059,18:56:17,sell,417,76.43
1138,FB,2023-01-09 06:39:38.207564151,23:55:46,buy,983,745.89
1139,GOOGL,2023-01-09 06:50:07.212144242,01:17:08,buy,353,149.5
1140,FB,2023-01-09 07:00:36.216724334,04:16:42,sell,617,654.02
1141,MSFT,2023-01-09 07:11:05.221304426,15:03:24,sell,123,831.06
1142,AAPL,2023-01-09 07:21:34.225884517,02:35:10,sell,139,168.37
1143,AAPL,2023-01-09 07:32:03.230464609,14:05:00,buy,134,177.67
1144,AAPL,2023-01-09 07:42:32.235044700,21:22:11,buy,3,393.75
1145,MSFT,2023-01-09 07:53:01.239624792,17:05:31,buy,705,655.48
1146,GOOGL,2023-01-09 08:03:30.244204884,22:26:04,buy,974,592.65
1147,NFLX,2023-01-09 08:13:59.248784975,22:37:46,sell,237,228.56
1148,AAPL,2023-01-09 08:24:28.253365067,16:41:07,sell,643,719.31
1149,AAPL,2023-01-09 08:34:57.257945158,23:12:36,sell,217,982.93
1150,AAPL,2023-01-09 08:45:26.262525250,07:28:39,sell,627,697.71
1151,TSLA,2023-01-09 08:55:55.267105342,09:51:11,buy,699,95.93
1152,GOOGL,2023-01-09 09:06:24.271685433,09:12:49,sell,827,527.38
1153,FB,2023-01-09 09:16:53.276265525,04:10:58,buy,217,320.77
1154,TSLA,2023-01-09 09:27:22.280845616,07:56:02,sell,367,556.47
1155,NFLX,2023-01-09 09:37:51.285425708,20:46:57,sell,105,715.12
1156,GOOGL,2023-01-09 09:48:20.290005800,19:19:20,sell,59,923.55
1157,AAPL,2023-01-09 09:58:49.294585891,16:43:01,buy,52,471.56
1158,AAPL,2023-01-09 10:09:18.299165983,06:01:53,buy,37,352.58
1159,AAPL,2023-01-09 10:19:47.303746074,04:10:14,buy,102,656.44
1160,GOOGL,2023-01-09 10:30:16.308326166,16:49:44,buy,359,391.43
1161,AMZN,2023-01-09 10:40:45.312906258,12:37:23,buy,457,553.08
1162,MSFT,2023-01-09 10:51:14.317486349,12:38:31,buy,367,427.35
1163,MSFT,2023-01-09 11:01:43.322066441,23:39:35,sell,535,237.42
1164,MSFT,2023-01-09 11:12:12.326646532,22:30:11,sell,131,335.54
1165,AMZN,2023-01-09 11:22:41.331226624,06:40:35,buy,645,862.33
1166,NFLX,2023-01-09 11:33:10.335806716,21:54:19,buy,563,283.53
1167,TSLA,2023-01-09 11:43:39.340386807,23:33:43,buy,285,827.29
1168,GOOGL,2023-01-09 11:54:08.344966899,01:36:37,buy,695,113.8
1169,TSLA,2023-01-09 12:04:37.349546990,06:48:35,buy,144,517.7
1170,TSLA,2023-01-09 12:15:06.354127082,14:42:56,buy,102,527.76
1171,AMZN,2023-01-09 12:25:35.358707174,12:09:06,sell,74,971.21
1172,NFLX,2023-01-09 12:36:04.363287265,20:47:22,buy,621,416.64
1173,MSFT,2023-01-09 12:46:33.367867357,06:29:37,buy,943,428.62
1174,GOOGL,2023-01-09 12:57:02.372447448,01:47:11,sell,304,621.01
1175,AMZN,2023-01-09 13:07:31.377027540,15:50:31,buy,238,163.36
1176,FB,2023-01-09 13:18:00.381607632,14:56:16,sell,952,487.59
1177,GOOGL,2023-01-09 13:28:29.386187723,16:39:47,buy,102,932.44
1178,TSLA,2023-01-09 13:38:58.390767815,15:38:08,buy,906,597.46
1179,FB,2023-01-09 13:49:27.395347906,14:18:11,sell,589,991.45
1180,TSLA,2023-01-09 13:59:56.399927998,14:37:08,sell,922,873.63
1181,NFLX,2023-01-09 14:10:25.404508090,02:37:12,buy,528,330.91
1182,FB,2023-01-09 14:20:54.409088181,13:04:15,buy,419,375.5
1183,FB,2023-01-09 14:31:23.413668273,22:39:36,sell,196,667.25
1184,NFLX,2023-01-09 14:41:52.418248364,22:23:50,buy,312,665.98
1185,NFLX,2023-01-09 14:52:21.422828456,00:01:22,sell,408,648.41
1186,AMZN,2023-01-09 15:02:50.427408548,05:18:45,sell,615,665.89
1187,NFLX,2023-01-09 15:13:19.431988639,21:44:38,buy,968,814.57
1188,TSLA,2023-01-09 15:23:48.436568731,13:26:47,sell,973,70.81
1189,AMZN,2023-01-09 15:34:17.441148823,19:11:45,buy,912,422.53
1190,TSLA,2023-01-09 15:44:46.445728914,12:25:37,buy,880,717.56
1191,TSLA,2023-01-09 15:55:15.450309006,08:32:33,sell,135,818.66
1192,NFLX,2023-01-09 16:05:44.454889097,16:57:51,buy,89,525.19
1193,NFLX,2023-01-09 16:16:13.459469189,22:05:56,sell,175,837.65
1194,MSFT,2023-01-09 16:26:42.464049281,15:34:53,sell,760,70.27
1195,NFLX,2023-01-09 16:37:11.468629372,22:03:42,sell,321,182.58
1196,MSFT,2023-01-09 16:47:40.473209464,14:28:15,buy,989,300.01
1197,AAPL,2023-01-09 16:58:09.477789555,12:17:20,sell,546,329.4
1198,TSLA,2023-01-09 17:08:38.482369647,00:26:01,sell,171,399.59
1199,MSFT,2023-01-09 17:19:07.486949739,04:58:08,buy,253,486.78
1200,MSFT,2023-01-09 17:29:36.491529830,05:50:16,sell,630,894.08
1201,TSLA,2023-01-09 17:40:05.496109922,06:21:15,sell,824,280.7
1202,AAPL,2023-01-09 17:50:34.500690013,09:27:00,buy,628,588.28
1203,MSFT,2023-01-09 18:01:03.505270105,16:25:04,sell,332,950.4
1204,TSLA,2023-01-09 18:11:32.509850197,11:33:07,buy,841,174.21
1205,GOOGL,2023-01-09 18:22:01.514430288,17:52:20,buy,265,793.34
1206,MSFT,2023-01-09 18:32:30.519010380,07:37:45,buy,322,447.11
1207,AMZN,2023-01-09 18:42:59.523590471,12:51:29,buy,779,884.29
1208,TSLA,2023-01-09 18:53:28.528170563,22:46:09,sell,230,870.77
1209,NFLX,2023-01-09 19:03:57.532750655,18:00:10,sell,15,451.95
1210,GOOGL,2023-01-09 19:14:26.537330746,05:21:09,sell,234,394.84
1211,TSLA,2023-01-09 19:24:55.541910838,08:58:09,buy,864,517.8
1212,MSFT,2023-01-09 19:35:24.546490929,10:12:11,sell,287,758.9
1213,TSLA,2023-01-09 19:45:53.551071021,10:34:27,sell,103,416.6
1214,NFLX,2023-01-09 19:56:22.555651113,23:08:54,buy,374,296.48
1215,MSFT,2023-01-09 20:06:51.560231204,20:13:05,sell,132,331.86
1216,NFLX,2023-01-09 20:17:20.564811296,21:08:43,sell,448,448.51
1217,NFLX,2023-01-09 20:27:49.569391387,22:46:00,sell,825,223.99
1218,GOOGL,2023-01-09 20:38:18.573971479,20:25:02,buy,84,634.68
1219,MSFT,2023-01-09 20:48:47.578551571,09:59:26,buy,779,274.5
1220,GOOGL,2023-01-09 20:59:16.583131662,13:53:57,sell,892,878.44
1221,AAPL,2023-01-09 21:09:45.587711754,05:33:58,buy,558,229
1222,TSLA,2023-01-09 21:20:14.592291845,18:11:27,buy,137,889.27
1223,AMZN,2023-01-09 21:30:43.596871937,06:44:30,buy,309,772.26
1224,AMZN,2023-01-09 21:41:12.601452029,21:41:48,sell,440,503.53
1225,FB,2023-01-09 21:51:41.606032120,13:34:50,sell,733,382.36
1226,GOOGL,2023-01-09 22:02:10.610612212,15:28:39,buy,142,189.51
1227,AAPL,2023-01-09 22:12:39.615192303,09:22:40,sell,125,950
1228,GOOGL,2023-01-09 22:23:08.619772395,04:56:48,buy,441,84.59
1229,AAPL,2023-01-09 22:33:37.624352487,08:09:34,sell,132,124.79
1230,AMZN,2023-01-09 22:44:06.628932578,22:56:43,buy,603,684.83
1231,GOOGL,2023-01-09 22:54:35.633512670,21:46:03,sell,797,630.29
1232,FB,2023-01-09 23:05:04.638092761,03:43:16,sell,166,698.43
1233,NFLX,2023-01-09 23:15:33.642672853,08:06:55,buy,688,338.68
1234,AAPL,2023-01-09 23:26:02.647252945,13:00:09,sell,225,605.26
1235,NFLX,2023-01-09 23:36:31.651833036,03:23:37,buy,899,667.51
1236,GOOGL,2023-01-09 23:47:00.656413128,00:18:03,buy,384,735.13
1237,AAPL,2023-01-09 23:57:29.660993219,00:58:05,buy,425,831.69
1238,TSLA,2023-01-10 00:07:58.665573311,02:16:20,buy,692,119.03
1239,FB,2023-01-10 00:18:27.670153403,14:41:57,sell,961,405.29
1240,AAPL,2023-01-10 00:28:56.674733494,02:17:09,buy,501,277.61
1241,AMZN,2023-01-10 00:39:25.679313586,20:56:58,buy,630,949.09
1242,NFLX,2023-01-10 00:49:54.683893677,05:44:10,buy,678,93.04
1243,MSFT,2023-01-10 01:00:23.688473769,12:29:43,sell,467,156.22
1244,AMZN,2023-01-10 01:10:52.693053861,03:37:48,sell,490,985.84
1245,TSLA,2023-01-10 01:21:21.697633952,18:40:46,sell,245,493.48
1246,AMZN,2023-01-10 01:31:50.702214044,22:00:57,sell,803,338.01
1247,GOOGL,2023-01-10 01:42:19.706794135,17:24:03,buy,287,565.46
1248,NFLX,2023-01-10 01:52:48.711374227,05:39:28,buy,620,230.12
1249,FB,2023-01-10 02:03:17.715954319,12:57:58,buy,593,876.23
1250,NFLX,2023-01-10 02:13:46.720534410,15:41:54,sell,351,287.78
1251,FB,2023-01-10 02:24:15.725114502,10:00:58,sell,842,536.98
1252,TSLA,2023-01-10 02:34:44.729694593,10:45:59,buy,203,414.53
1253,FB,2023-01-10 02:45:13.734274685,12:06:15,buy,757,885.05
1254,TSLA,2023-01-10 02:55:42.738854777,11:27:46,buy,659,824.59
1255,TSLA,2023-01-10 03:06:11.743434868,10:58:41,buy,731,480.28
1256,TSLA,2023-01-10 03:16:40.748014960,05:23:57,buy,473,899.6
1257,FB,2023-01-10 03:27:09.752595051,08:36:48,buy,349,463.93
1258,AAPL,2023-01-10 03:37:38.757175143,11:14:43,buy,828,157.02
1259,FB,2023-01-10 03:48:07.761755235,15:09:27,sell,152,210.67
1260,FB,2023-01-10 03:58:36.766335326,16:31:27,sell,624,173.16
1261,NFLX,2023-01-10 04:09:05.770915418,16:13:50,sell,939,176.97
1262,MSFT,2023-01-10 04:19:34.775495509,23:33:01,buy,692,844
1263,MSFT,2023-01-10 04:30:03.780075601,09:03:49,sell,310,981.53
1264,AAPL,2023-01-10 04:40:32.784655693,01:29:42,buy,28,511.73
1265,NFLX,2023-01-10 04:51:01.789235784,19:57:12,sell,380,363.56
1266,TSLA,2023-01-10 05:01:30.793815876,19:47:13,sell,440,929.77
1267,MSFT,2023-01-10 05:11:59.798395967,15:00:34,buy,969,81.75
1268,AAPL,2023-01-10 05:22:28.802976059,22:23:39,buy,462,440.76
1269,AMZN,2023-01-10 05:32:57.807556151,05:44:05,sell,214,63.34
1270,NFLX,2023-01-10 05:43:26.812136242,08:31:05,buy,951,312.32
1271,GOOGL,2023-01-10 05:53:55.816716334,20:26:39,sell,672,84.32
1272,MSFT,2023-01-10 06:04:24.821296425,16:37:02,sell,887,52.85
1273,AAPL,2023-01-10 06:14:53.825876517,15:17:32,buy,122,694.91
1274,AMZN,2023-01-10 06:25:22.830456609,06:23:24,sell,438,625.09
1275,TSLA,2023-01-10 06:35:51.835036700,03:44:16,sell,968,843.22
1276,MSFT,2023-01-10 06:46:20.839616792,12:55:53,buy,194,370.13
1277,NFLX,2023-01-10 06:56:49.844196883,12:46:54,sell,889,578.42
1278,MSFT,2023-01-10 07:07:18.848776975,21:58:43,sell,434,726.13
1279,AAPL,2023-01-10 07:17:47.853357067,19:49:50,buy,458,686.48
1280,NFLX,2023-01-10 07:28:16.857937158,22:34:03,sell,94,529.46
1281,TSLA,2023-01-10 07:38:45.862517250,02:51:41,sell,166,894.14
1282,MSFT,2023-01-10 07:49:14.867097341,03:16:56,sell,246,675.78
1283,FB,2023-01-10 07:59:43.871677433,19:16:05,sell,266,938.43
1284,AMZN,2023-01-10 08:10:12.876257525,04:59:03,buy,652,823.43
1285,GOOGL,2023-01-10 08:20:41.880837616,16:40:47,sell,178,275.8
1286,FB,2023-01-10 08:31:10.885417708,07:38:47,buy,251,800.99
1287,NFLX,2023-01-10 08:41:39.889997799,23:09:03,sell,736,777.79
1288,TSLA,2023-01-10 08:52:08.894577891,04:29:37,sell,102,728.45
1289,FB,2023-01-10 09:02:37.899157983,08:14:36,sell,560,97.96
1290,MSFT,2023-01-10 09:13:06.903738074,12:54:57,sell,199,621.61
1291,NFLX,2023-01-10 09:23:35.908318166,06:28:38,buy,721,219.81
1292,TSLA,2023-01-10 09:34:04.912898257,19:51:08,buy,866,464.88
1293,AAPL,2023-01-10 09:44:33.917478349,19:48:30,sell,279,972.57
1294,AAPL,2023-01-10 09:55:02.922058441,00:34:19,sell,541,408.46
1295,MSFT,2023-01-10 10:05:31.926638532,11:03:23,sell,101,338.01
1296,TSLA,2023-01-10 10:16:00.931218624,19:20:09,sell,458,313.62
1297,AAPL,2023-01-10 10:26:29.935798716,11:11:50,sell,715,215.4
1298,NFLX,2023-01-10 10:36:58.940378807,13:03:09,sell,885,346.97
1299,GOOGL,2023-01-10 10:47:27.944958899,16:12:08,buy,186,417.56
1300,GOOGL,2023-01-10 10:57:56.949538990,18:18:38,sell,570,118.28
1301,GOOGL,2023-01-10 11:08:25.954119082,19:52:43,buy,808,923.79
1302,AAPL,2023-01-10 11:18:54.958699174,23:04:37,sell,364,827.42
1303,MSFT,2023-01-10 11:29:23.963279265,02:56:56,buy,20,912.59
1304,NFLX,2023-01-10 11:39:52.967859357,09:44:25,sell,239,878.77
1305,AMZN,2023-01-10 11:50:21.972439448,10:32:39,sell,533,348.91
1306,TSLA,2023-01-10 12:00:50.977019540,17:02:36,buy,316,680.89
1307,AMZN,2023-01-10 12:11:19.981599632,18:56:07,sell,178,997.13
1308,FB,2023-01-10 12:21:48.986179723,15:13:23,buy,428,720.39
1309,MSFT,2023-01-10 12:32:17.990759815,00:54:10,sell,426,349.97
1310,MSFT,2023-01-10 12:42:46.995339906,08:25:24,buy,330,557.41
1311,AMZN,2023-01-10 12:53:15.999919998,03:03:51,sell,871,824.77
1312,GOOGL,2023-01-10 13:03:45.004500090,15:50:14,sell,580,731.19
1313,TSLA,2023-01-10 13:14:14.009080181,04:18:41,buy,869,199.05
1314,TSLA,2023-01-10 13:24:43.013660273,05:13:45,sell,939,528.08
1315,GOOGL,2023-01-10 13:35:12.018240364,10:52:53,buy,965,902.51
1316,NFLX,2023-01-10 13:45:41.022820456,09:48:46,buy,919,694.01
1317,TSLA,2023-01-10 13:56:10.027400548,14:41:46,sell,49,612.21
1318,FB,2023-01-10 14:06:39.031980639,13:27:15,sell,346,267.96
1319,TSLA,2023-01-10 14:17:08.036560731,01:06:22,sell,2,776.17
1320,AAPL,2023-01-10 14:27:37.041140822,03:03:37,sell,223,224.55
1321,GOOGL,2023-01-10 14:38:06.045720914,23:13:14,buy,375,693.12
1322,FB,2023-01-10 14:48:35.050301006,04:42:07,sell,859,849.17
1323,AAPL,2023-01-10 14:59:04.054881097,15:00:58,buy,412,505.81
1324,AAPL,2023-01-10 15:09:33.059461189,23:59:19,buy,987,620.53
1325,TSLA,2023-01-10 15:20:02.064041280,10:00:27,buy,548,760.13
1326,FB,2023-01-10 15:30:31.068621372,08:29:36,buy,504,652.45
1327,AAPL,2023-01-10 15:41:00.073201464,05:07:58,buy,741,475.97
1328,GOOGL,2023-01-10 15:51:29.077781555,16:02:35,sell,489,933.8
1329,TSLA,2023-01-10 16:01:58.082361647,15:26:45,sell,914,357.61
1330,TSLA,2023-01-10 16:12:27.086941738,21:58:40,sell,770,185.26
1331,FB,2023-01-10 16:22:56.091521830,02:06:10,buy,191,548.82
1332,FB,2023-01-10 16:33:25.096101922,10:45:51,buy,141,638.11
1333,AAPL,2023-01-10 16:43:54.100682013,16:41:25,sell,886,189.22
1334,AMZN,2023-01-10 16:54:23.105262105,03:39:48,sell,315,185.09
1335,AAPL,2023-01-10 17:04:52.109842196,17:42:26,sell,265,80.63
1336,NFLX,2023-01-10 17:15:21.114422288,18:18:50,sell,230,177.87
1337,MSFT,2023-01-10 17:25:50.119002380,18:38:38,sell,644,918.76
1338,MSFT,2023-01-10 17:36:19.123582471,11:15:27,buy,436,497.61
1339,AAPL,2023-01-10 17:46:48.128162563,11:08:46,buy,937,77.88
1340,FB,2023-01-10 17:57:17.132742654,11:43:16,sell,428,191.14
1341,MSFT,2023-01-10 18:07:46.137322746,06:01:07,buy,654,221.63
1342,NFLX,2023-01-10 18:18:15.141902838,19:57:42,sell,803,62.25
1343,AMZN,2023-01-10 18:28:44.146482929,14:51:01,sell,714,535.21
1344,NFLX,2023-01-10 18:39:13.151063021,17:16:22,buy,45,673.46
1345,MSFT,2023-01-10 18:49:42.155643112,13:25:59,buy,867,410.91
1346,MSFT,2023-01-10 19:00:11.160223204,00:33:40,sell,802,536.22
1347,GOOGL,2023-01-10 19:10:40.164803296,08:37:21,sell,934,616.21
1348,NFLX,2023-01-10 19:21:09.169383387,11:35:47,sell,947,922.25
1349,NFLX,2023-01-10 19:31:38.173963479,13:52:07,sell,160,440.32
1350,AAPL,2023-01-10 19:42:07.178543570,08:29:43,buy,127,812.83
1351,NFLX,2023-01-10 19:52:36.183123662,03:47:04,buy,542,675.73
1352,NFLX,2023-01-10 20:03:05.187703754,11:43:38,sell,468,273.83
1353,GOOGL,2023-01-10 20:13:34.192283845,13:27:48,buy,852,705.72
1354,GOOGL,2023-01-10 20:24:03.196863937,10:32:17,buy,660,146.78
1355,GOOGL,2023-01-10 20:34:32.201444028,22:56:39,sell,288,726.73
1356,TSLA,2023-01-10 20:45:01.206024120,09:59:03,buy,587,176.29
1357,MSFT,2023-01-10 20:55:30.210604212,03:05:14,sell,672,470.76
1358,AMZN,2023-01-10 21:05:59.215184303,17:58:10,sell,684,710.22
1359,NFLX,2023-01-10 21:16:28.219764395,17:21:20,buy,314,134.5
1360,MSFT,2023-01-10 21:26:57.224344486,20:41:35,sell,717,944.62
1361,TSLA,2023-01-10 21:37:26.228924578,01:46:15,buy,779,968.02
1362,TSLA,2023-01-10 21:47:55.233504670,14:50:23,buy,57,66.86
1363,GOOGL,2023-01-10 21:58:24.238084761,16:54:47,sell,325,562.04
1364,AAPL,2023-01-10 22:08:53.242664853,12:51:25,sell,211,301.6
1365,AAPL,2023-01-10 22:19:22.247244944,06:29:34,buy,75,178.83
1366,AMZN,2023-01-10 22:29:51.251825036,23:51:33,buy,817,884.21
1367,AMZN,2023-01-10 22:40:20.256405128,06:04:17,buy,997,118.38
1368,MSFT,2023-01-10 22:50:49.260985219,06:13:56,buy,64,309.21
1369,FB,2023-01-10 23:01:18.265565311,11:25:00,buy,115,154.6
1370,NFLX,2023-01-10 23:11:47.270145402,00:32:31,sell,802,470.7
1371,MSFT,2023-01-10 23:22:16.274725494,23:40:24,sell,378,144.4
1372,MSFT,2023-01-10 23:32:45.279305586,14:56:02,sell,125,559.22
1373,AMZN,2023-01-10 23:43:14.283885677,02:56:54,buy,479,912.77
1374,NFLX,2023-01-10 23:53:43.288465769,15:14:54,buy,660,998.81
1375,AAPL,2023-01-11 00:04:12.293045860,06:54:24,buy,700,936.82
1376,NFLX,2023-01-11 00:14:41.297625952,16:35:18,buy,599,951.81
1377,AAPL,2023-01-11 00:25:10.302206044,06:33:31,buy,163,371.6
1378,NFLX,2023-01-11 00:35:39.306786135,03:20:20,buy,365,811.75
1379,GOOGL,2023-01-11 00:46:08.311366227,07:06:05,sell,104,396.18
1380,AAPL,2023-01-11 00:56:37.315946318,13:19:48,sell,599,904.37
1381,NFLX,2023-01-11 01:07:06.320526410,11:34:57,sell,225,154.43
1382,MSFT,2023-01-11 01:17:35.325106502,20:05:53,buy,848,363.77
1383,TSLA,2023-01-11 01:28:04.329686593,07:16:10,buy,696,931.2
1384,TSLA,2023-01-11 01:38:33.334266685,10:32:42,sell,925,601.85
1385,AAPL,2023-01-11 01:49:02.338846776,09:00:21,buy,915,669.49
1386,AMZN,2023-01-11 01:59:31.343426868,19:48:34,buy,31,967.9
1387,TSLA,2023-01-11 02:10:00.348006960,07:39:28,buy,483,923.55
1388,TSLA,2023-01-11 02:20:29.352587051,20:36:45,sell,374,268.43
1389,FB,2023-01-11 02:30:58.357167143,13:46:38,sell,812,893
1390,GOOGL,2023-01-11 02:41:27.361747234,12:28:32,buy,852,668.4
1391,AAPL,2023-01-11 02:51:56.366327326,03:56:14,buy,553,98.9
1392,NFLX,2023-01-11 03:02:25.370907418,12:24:08,buy,255,581.21
1393,NFLX,2023-01-11 03:12:54.375487509,11:17:38,sell,320,938.62
1394,FB,2023-01-11 03:23:23.380067601,12:26:33,buy,359,596.94
1395,GOOGL,2023-01-11 03:33:52.384647692,16:44:30,buy,545,435.55
1396,FB,2023-01-11 03:44:21.389227784,19:08:42,buy,939,854.65
1397,GOOGL,2023-01-11 03:54:50.393807876,04:20:25,buy,359,647.47
1398,AAPL,2023-01-11 04:05:19.398387967,19:20:22,sell,836,438.85
1399,FB,2023-01-11 04:15:48.402968059,23:22:35,sell,599,185.89
1400,NFLX,2023-01-11 04:26:17.407548150,05:07:23,sell,37,556.47
1401,GOOGL,2023-01-11 04:36:46.412128242,17:04:18,buy,704,130.49
1402,NFLX,2023-01-11 04:47:15.416708334,09:55:52,sell,676,682.96
1403,AMZN,2023-01-11 04:57:44.421288425,11:07:18,buy,774,330.17
1404,AAPL,2023-01-11 05:08:13.425868517,08:47:30,sell,871,429.45
1405,NFLX,2023-01-11 05:18:42.430448608,06:51:59,sell,543,563.41
1406,MSFT,2023-01-11 05:29:11.435028700,08:30:14,sell,742,106.74
1407,NFLX,2023-01-11 05:39:40.439608792,06:10:37,buy,641,799.12
1408,TSLA,2023-01-11 05:50:09.444188883,18:39:59,buy,508,712.86
1409,FB,2023-01-11 06:00:38.448768975,10:30:31,buy,129,171.44
1410,AMZN,2023-01-11 06:11:07.453349067,04:55:22,sell,201,99.35
1411,TSLA,2023-01-11 06:21:36.457929158,13:08:50,buy,908,375.18
1412,NFLX,2023-01-11 06:32:05.462509250,11:12:13,sell,789,772.97
1413,GOOGL,2023-01-11 06:42:34.467089341,20:19:43,sell,396,67.49
1414,TSLA,2023-01-11 06:53:03.471669433,20:49:46,buy,818,304.05
1415,MSFT,2023-01-11 07:03:32.476249525,02:16:05,buy,592,347.8
1416,NFLX,2023-01-11 07:14:01.480829616,10:59:06,sell,654,755.44
1417,AMZN,2023-01-11 07:24:30.485409708,21:52:45,sell,382,707.48
1418,NFLX,2023-01-11 07:34:59.489989799,06:02:38,sell,671,464.02
1419,TSLA,2023-01-11 07:45:28.494569891,02:16:08,buy,235,122.26
1420,AAPL,2023-01-11 07:55:57.499149983,09:39:27,buy,987,552.79
1421,FB,2023-01-11 08:06:26.503730074,03:08:54,sell,816,142.93
1422,TSLA,2023-01-11 08:16:55.508310166,09:25:55,sell,605,311.71
1423,TSLA,2023-01-11 08:27:24.512890257,09:57:20,buy,858,353.6
1424,GOOGL,2023-01-11 08:37:53.517470349,19:37:49,buy,282,468.31
1425,TSLA,2023-01-11 08:48:22.522050441,16:18:34,buy,488,606.95
1426,TSLA,2023-01-11 08:58:51.526630532,09:13:06,sell,800,414.68
1427,TSLA,2023-01-11 09:09:20.531210624,04:07:21,buy,797,211.26
1428,MSFT,2023-01-11 09:19:49.535790715,05:06:36,buy,206,741.08
1429,TSLA,2023-01-11 09:30:18.540370807,15:26:16,buy,395,152.26
1430,AAPL,2023-01-11 09:40:47.544950899,12:12:55,sell,567,265.42
1431,GOOGL,2023-01-11 09:51:16.549530990,13:17:26,buy,81,239.89
1432,TSLA,2023-01-11 10:01:45.554111082,02:25:54,sell,887,234.55
1433,NFLX,2023-01-11 10:12:14.558691173,19:51:44,sell,296,885.71
1434,GOOGL,2023-01-11 10:22:43.563271265,07:22:22,sell,687,287.29
1435,MSFT,2023-01-11 10:33:12.567851357,19:37:05,buy,596,635.47
1436,NFLX,2023-01-11 10:43:41.572431448,02:28:55,buy,408,127.43
1437,FB,2023-01-11 10:54:10.577011540,22:41:37,sell,921,961.55
1438,MSFT,2023-01-11 11:04:39.581591631,00:50:42,buy,582,483.5
1439,GOOGL,2023-01-11 11:15:08.586171723,21:22:53,buy,112,670.17
1440,MSFT,2023-01-11 11:25:37.590751815,21:35:40,buy,480,221.54
1441,NFLX,2023-01-11 11:36:06.595331906,05:06:14,buy,819,62.4
1442,FB,2023-01-11 11:46:35.599911998,12:31:16,buy,475,553.97
1443,AMZN,2023-01-11 11:57:04.604492089,23:21:06,buy,2,161.29
1444,FB,2023-01-11 12:07:33.609072181,12:20:04,buy,455,440.59
1445,AAPL,2023-01-11 12:18:02.613652273,13:19:16,sell,307,228.36
1446,AMZN,2023-01-11 12:28:31.618232364,01:13:50,sell,428,793.65
1447,GOOGL,2023-01-11 12:39:00.622812456,18:24:39,sell,604,945.4
1448,NFLX,2023-01-11 12:49:29.627392547,13:02:33,sell,204,905.88
1449,FB,2023-01-11 12:59:58.631972639,09:51:42,sell,86,352.68
1450,FB,2023-01-11 13:10:27.636552731,13:40:13,sell,948,687.97
1451,FB,2023-01-11 13:20:56.641132822,06:43:43,buy,329,459.12
1452,AAPL,2023-01-11 13:31:25.645712914,21:21:26,sell,469,933.36
1453,MSFT,2023-01-11 13:41:54.650293005,05:52:26,sell,974,102.08
1454,MSFT,2023-01-11 13:52:23.654873097,21:52:17,sell,547,869.04
1455,NFLX,2023-01-11 14:02:52.659453189,10:33:22,buy,446,410.18
1456,GOOGL,2023-01-11 14:13:21.664033280,03:27:58,sell,429,199.47
1457,AAPL,2023-01-11 14:23:50.668613372,17:20:45,buy,909,637.11
1458,TSLA,2023-01-11 14:34:19.673193463,09:48:31,buy,731,914.31
1459,AAPL,2023-01-11 14:44:48.677773555,19:02:43,buy,700,622.1
1460,MSFT,2023-01-11 14:55:17.682353647,09:41:42,buy,507,393.67
1461,AAPL,2023-01-11 15:05:46.686933738,03:02:17,sell,970,861.8
1462,MSFT,2023-01-11 15:16:15.691513830,06:52:12,sell,221,672.16
1463,FB,2023-01-11 15:26:44.696093921,18:15:27,buy,397,266.73
1464,NFLX,2023-01-11 15:37:13.700674013,07:57:44,buy,69,169.01
1465,AMZN,2023-01-11 15:47:42.705254105,11:21:32,buy,667,990.93
1466,GOOGL,2023-01-11 15:58:11.709834196,14:57:38,buy,910,704.56
1467,NFLX,2023-01-11 16:08:40.714414288,11:23:49,sell,431,827.74
1468,GOOGL,2023-01-11 16:19:09.718994379,16:02:19,buy,248,876.22
1469,NFLX,2023-01-11 16:29:38.723574471,23:30:49,sell,96,87.41
1470,AAPL,2023-01-11 16:40:07.728154563,20:48:19,sell,221,902.95
1471,MSFT,2023-01-11 16:50:36.732734654,16:15:55,buy,504,628.17
1472,AMZN,2023-01-11 17:01:05.737314746,16:47:49,sell,157,646.58
1473,FB,2023-01-11 17:11:34.741894837,18:44:15,buy,216,471.59
1474,AMZN,2023-01-11 17:22:03.746474929,23:21:24,buy,215,983.59
1475,GOOGL,2023-01-11 17:32:32.751055021,12:06:03,buy,723,854.31
1476,TSLA,2023-01-11 17:43:01.755635112,12:03:09,sell,328,542.78
1477,GOOGL,2023-01-11 17:53:30.760215204,05:27:42,sell,65,660.77
1478,FB,2023-01-11 18:03:59.764795295,19:49:46,buy,963,221.99
1479,AMZN,2023-01-11 18:14:28.769375387,10:45:23,buy,292,200.96
1480,GOOGL,2023-01-11 18:24:57.773955479,16:26:50,sell,588,95.23
1481,MSFT,2023-01-11 18:35:26.778535570,16:35:13,sell,320,720.92
1482,GOOGL,2023-01-11 18:45:55.783115662,02:19:35,buy,506,297.15
1483,MSFT,2023-01-11 18:56:24.787695753,04:00:14,sell,258,948.31
1484,GOOGL,2023-01-11 19:06:53.792275845,10:46:44,buy,74,116.25
1485,MSFT,2023-01-11 19:17:22.796855937,07:20:57,buy,402,898.47
1486,AAPL,2023-01-11 19:27:51.801436028,02:06:21,sell,664,403.26
1487,GOOGL,2023-01-11 19:38:20.806016120,09:22:01,buy,332,175.31
1488,TSLA,2023-01-11 19:48:49.810596211,03:45:17,sell,119,599.27
1489,NFLX,2023-01-11 19:59:18.815176303,18:37:03,buy,392,852.73
1490,GOOGL,2023-01-11 20:09:47.819756395,19:09:34,buy,965,854.27
1491,AAPL,2023-01-11 20:20:16.824336486,11:47:37,buy,328,83.37
1492,AAPL,2023-01-11 20:30:45.828916578,23:56:28,buy,654,169.3
1493,NFLX,2023-01-11 20:41:14.833496669,03:25:41,buy,333,703.48
1494,AAPL,2023-01-11 20:51:43.838076761,05:12:37,buy,886,130.91
1495,MSFT,2023-01-11 21:02:12.842656853,01:08:34,buy,114,625.36
1496,AAPL,2023-01-11 21:12:41.847236944,04:10:14,buy,580,571.6
1497,TSLA,2023-01-11 21:23:10.851817036,13:07:48,buy,261,801.71
1498,AAPL,2023-01-11 21:33:39.856397127,22:45:40,buy,156,366.37
1499,AAPL,2023-01-11 21:44:08.860977219,22:59:19,buy,4,907.97
1500,MSFT,2023-01-11 21:54:37.865557311,03:54:10,buy,56,688.84
1501,AMZN,2023-01-11 22:05:06.870137402,16:04:40,sell,32,199.45
1502,GOOGL,2023-01-11 22:15:35.874717494,09:46:33,buy,59,154.35
1503,TSLA,2023-01-11 22:26:04.879297585,21:09:11,sell,967,987.45
1504,MSFT,2023-01-11 22:36:33.883877677,06:57:28,buy,608,72.7
1505,GOOGL,2023-01-11 22:47:02.888457769,22:47:57,buy,205,142.35
1506,AAPL,2023-01-11 22:57:31.893037860,04:49:09,sell,33,146.11
1507,TSLA,2023-01-11 23:08:00.897617952,20:14:15,sell,892,190.12
1508,FB,2023-01-11 23:18:29.902198043,07:07:35,buy,856,583.87
1509,AAPL,2023-01-11 23:28:58.906778135,12:09:31,buy,401,408.86
1510,AMZN,2023-01-11 23:39:27.911358227,02:00:06,sell,722,514.27
1511,MSFT,2023-01-11 23:49:56.915938318,21:24:16,sell,182,664.68
1512,MSFT,2023-01-12 00:00:25.920518410,18:19:45,sell,499,533.09
1513,GOOGL,2023-01-12 00:10:54.925098501,14:15:32,buy,788,778.01
1514,TSLA,2023-01-12 00:21:23.929678593,17:04:16,buy,485,514.13
1515,GOOGL,2023-01-12 00:31:52.934258685,06:48:00,buy,500,965.87
1516,AAPL,2023-01-12 00:42:21.938838776,03:49:10,sell,412,59.16
1517,NFLX,2023-01-12 00:52:50.943418868,05:12:11,sell,286,747.47
1518,MSFT,2023-01-12 01:03:19.947998960,09:59:47,buy,441,793.98
1519,AMZN,2023-01-12 01:13:48.952579051,04:34:41,buy,526,393.16
1520,FB,2023-01-12 01:24:17.957159143,02:39:17,sell,938,694.39
1521,FB,2023-01-12 01:34:46.961739234,07:31:47,sell,549,353.98
1522,TSLA,2023-01-12 01:45:15.966319326,09:57:59,buy,129,928.62
1523,AMZN,2023-01-12 01:55:44.970899418,10:15:19,sell,581,191.21
1524,NFLX,2023-01-12 02:06:13.975479509,05:43:38,sell,556,678.27
1525,MSFT,2023-01-12 02:16:42.980059601,12:39:45,sell,496,465.9
1526,MSFT,2023-01-12 02:27:11.984639692,04:57:07,sell,4,423.25
1527,AAPL,2023-01-12 02:37:40.989219784,01:35:44,buy,565,893.16
1528,NFLX,2023-01-12 02:48:09.993799876,06:44:34,buy,881,548.27
1529,MSFT,2023-01-12 02:58:38.998379967,02:53:33,sell,461,312.96
1530,TSLA,2023-01-12 03:09:08.002960059,10:52:52,buy,421,531.78
1531,TSLA,2023-01-12 03:19:37.007540150,16:37:31,buy,425,916.36
1532,NFLX,2023-01-12 03:30:06.012120242,06:01:16,buy,40,933.31
1533,FB,2023-01-12 03:40:35.016700334,05:56:28,sell,705,916.12
1534,NFLX,2023-01-12 03:51:04.021280425,01:35:00,buy,476,861.6
1535,TSLA,2023-01-12 04:01:33.025860517,23:22:12,buy,178,61.75
1536,NFLX,2023-01-12 04:12:02.030440608,16:58:32,buy,554,180.56
1537,GOOGL,2023-01-12 04:22:31.035020700,09:43:46,buy,398,630.03
1538,AAPL,2023-01-12 04:33:00.039600792,05:32:40,sell,966,839.9
1539,AAPL,2023-01-12 04:43:29.044180883,17:10:34,sell,387,613.89
1540,AAPL,2023-01-12 04:53:58.048760975,01:36:52,buy,171,575.14
1541,MSFT,2023-01-12 05:04:27.053341066,12:04:17,sell,16,576.56
1542,FB,2023-01-12 05:14:56.057921158,05:43:57,buy,680,209.14
1543,AMZN,2023-01-12 05:25:25.062501250,15:01:02,buy,451,116.64
1544,AAPL,2023-01-12 05:35:54.067081341,04:34:24,sell,242,458.27
1545,NFLX,2023-01-12 05:46:23.071661433,05:52:39,buy,626,495.16
1546,AAPL,2023-01-12 05:56:52.076241524,08:55:43,buy,321,525.07
1547,NFLX,2023-01-12 06:07:21.080821616,19:40:01,buy,950,627.69
1548,NFLX,2023-01-12 06:17:50.085401708,18:59:06,buy,327,854.55
1549,AAPL,2023-01-12 06:28:19.089981799,02:07:34,buy,187,248.02
1550,FB,2023-01-12 06:38:48.094561891,16:29:56,buy,396,455.6
1551,AAPL,2023-01-12 06:49:17.099141982,08:59:18,sell,633,334.04
1552,NFLX,2023-01-12 06:59:46.103722074,08:23:58,sell,211,230.08
1553,GOOGL,2023-01-12 07:10:15.108302166,18:22:38,sell,42,750.91
1554,AMZN,2023-01-12 07:20:44.112882257,16:24:39,buy,983,521
1555,AAPL,2023-01-12 07:31:13.117462349,02:17:31,buy,503,678.39
1556,FB,2023-01-12 07:41:42.122042440,04:39:04,buy,690,464.25
1557,AAPL,2023-01-12 07:52:11.126622532,12:44:20,buy,961,156.94
1558,NFLX,2023-01-12 08:02:40.131202624,06:21:39,buy,756,753.72
1559,GOOGL,2023-01-12 08:13:09.135782715,09:20:59,buy,357,82.12
1560,NFLX,2023-01-12 08:23:38.140362807,10:47:38,sell,792,113.08
1561,NFLX,2023-01-12 08:34:07.144942898,15:15:31,buy,941,182.15
1562,AAPL,2023-01-12 08:44:36.149522990,00:48:38,sell,182,434.78
1563,TSLA,2023-01-12 08:55:05.154103082,00:35:47,sell,653,879.38
1564,NFLX,2023-01-12 09:05:34.158683173,02:02:49,sell,654,881.69
1565,GOOGL,2023-01-12 09:16:03.163263265,00:59:19,sell,396,110.16
1566,FB,2023-01-12 09:26:32.167843356,03:38:37,sell,119,688.93
1567,GOOGL,2023-01-12 09:37:01.172423448,03:41:32,buy,424,940.14
1568,GOOGL,2023-01-12 09:47:30.177003540,14:43:29,sell,970,71.28
1569,GOOGL,2023-01-12 09:57:59.181583631,19:16:48,buy,761,842.16
1570,FB,2023-01-12 10:08:28.186163723,18:48:48,buy,917,111.08
1571,NFLX,2023-01-12 10:18:57.190743814,18:42:47,buy,522,975.96
1572,TSLA,2023-01-12 10:29:26.195323906,00:20:13,sell,895,378.57
1573,GOOGL,2023-01-12 10:39:55.199903998,00:52:01,buy,142,103.67
1574,AAPL,2023-01-12 10:50:24.204484089,02:32:47,sell,857,626.77
1575,NFLX,2023-01-12 11:00:53.209064181,09:08:59,sell,322,137.89
1576,AMZN,2023-01-12 11:11:22.213644272,02:53:11,sell,294,791.73
