trade_id,stock_symbol,trade_date,trade_time,trade_type,quantity,price,total_price
1,GOOGL,2023-01-01 00:00:00.000000000,23:59:26,buy,420,450.72,189302.40000000002
2,GOOGL,2023-01-01 00:52:25.274527452,03:46:54,sell,42,533.95,22425.9
3,AMZN,2023-01-01 01:44:50.549054905,23:23:10,sell,170,524.73,89204.1
4,TSLA,2023-01-01 02:37:15.823582358,19:31:24,sell,418,799.84,334333.12
5,AAPL,2023-01-01 03:29:41.098109810,22:49:45,buy,378,81.98,30988.440000000002
6,NFLX,2023-01-01 04:22:06.372637263,09:39:56,buy,653,104.59,68297.27
7,GOOGL,2023-01-01 05:14:31.647164716,01:30:53,buy,704,321.26,226167.03999999998
8,TSLA,2023-01-01 06:06:56.921692169,19:56:44,sell,212,507.88,107670.56
9,FB,2023-01-01 06:59:22.196219621,15:12:51,sell,853,95.57,81521.20999999999
10,GOOGL,2023-01-01 07:51:47.470747074,04:51:02,sell,219,753.73,165066.87
11,GOOGL,2023-01-01 08:44:12.745274527,22:57:09,buy,812,329.21,267318.51999999996
12,TSLA,2023-01-01 09:36:38.019801980,02:55:39,sell,801,259.88,208163.88
13,GOOGL,2023-01-01 10:29:03.294329432,06:23:16,sell,493,728.33,359066.69
14,GOOGL,2023-01-01 11:21:28.568856885,17:29:17,sell,536,682.56,365852.16
15,AMZN,2023-01-01 12:13:53.843384338,20:46:08,sell,922,602.87,555846.14
16,NFLX,2023-01-01 13:06:19.117911791,13:42:36,buy,543,580.55,315238.64999999997
17,TSLA,2023-01-01 13:58:44.392439243,15:02:02,sell,784,884.23,693236.3200000001
18,MSFT,2023-01-01 14:51:09.666966696,05:13:00,buy,627,899.0,563673.0
19,AAPL,2023-01-01 15:43:34.941494149,06:51:06,buy,676,839.79,567698.0399999999
20,TSLA,2023-01-01 16:36:00.216021602,10:43:40,sell,168,734.56,123406.07999999999
21,FB,2023-01-01 17:28:25.490549054,12:05:07,sell,694,591.78,410695.32
22,NFLX,2023-01-01 18:20:50.765076507,09:59:25,buy,38,933.63,35477.94
23,GOOGL,2023-01-01 19:13:16.039603960,15:17:31,buy,109,440.98,48066.82
24,FB,2023-01-01 20:05:41.314131413,03:54:25,buy,842,914.93,770371.0599999999
25,NFLX,2023-01-01 20:58:06.588658865,12:54:33,sell,331,567.37,187799.47
26,AMZN,2023-01-01 21:50:31.863186318,19:53:03,buy,400,421.92,168768.0
27,MSFT,2023-01-01 22:42:57.137713771,23:50:59,buy,891,324.87,289459.17
28,TSLA,2023-01-01 23:35:22.412241224,05:33:39,sell,569,121.27,69002.63
29,AAPL,2023-01-02 00:27:47.686768676,01:44:31,sell,287,223.38,64110.06
30,TSLA,2023-01-02 01:20:12.961296129,07:35:06,buy,686,844.84,579560.24
31,GOOGL,2023-01-02 02:12:38.235823582,19:50:42,buy,95,437.23,41536.85
32,NFLX,2023-01-02 03:05:03.510351035,18:13:31,buy,86,477.95,41103.7
33,FB,2023-01-02 03:57:28.784878487,19:48:46,buy,388,250.24,97093.12000000001
34,TSLA,2023-01-02 04:49:54.059405940,17:25:30,sell,591,924.89,546609.99
35,TSLA,2023-01-02 05:42:19.333933393,07:55:11,buy,353,536.13,189253.88999999998
36,TSLA,2023-01-02 06:34:44.608460846,08:03:09,sell,216,406.88,87886.08
37,GOOGL,2023-01-02 07:27:09.882988298,16:03:43,sell,609,702.76,427980.83999999997
38,AAPL,2023-01-02 08:19:35.157515751,02:23:21,sell,281,448.27,125963.87
39,GOOGL,2023-01-02 09:12:00.432043204,01:14:35,sell,425,249.1,105867.5
40,GOOGL,2023-01-02 10:04:25.706570657,15:46:37,sell,365,802.75,293003.75
41,NFLX,2023-01-02 10:56:50.981098109,06:04:22,buy,548,196.16,107495.68
42,AAPL,2023-01-02 11:49:16.255625562,19:31:44,sell,318,937.08,297991.44
43,GOOGL,2023-01-02 12:41:41.530153015,06:54:40,sell,235,580.33,136377.55000000002
44,FB,2023-01-02 13:34:06.804680468,08:56:35,buy,48,293.06,14066.880000000001
45,TSLA,2023-01-02 14:26:32.079207920,08:37:43,sell,561,149.26,83734.86
46,NFLX,2023-01-02 15:18:57.353735373,03:48:43,buy,148,936.07,138538.36000000002
47,MSFT,2023-01-02 16:11:22.628262826,19:24:32,buy,610,202.71,123653.1
48,FB,2023-01-02 17:03:47.902790279,22:28:33,buy,896,764.84,685296.64
49,MSFT,2023-01-02 17:56:13.177317731,16:01:02,sell,913,214.98,196276.74
50,NFLX,2023-01-02 18:48:38.451845184,18:01:23,buy,742,969.71,719524.8200000001
51,AAPL,2023-01-02 19:41:03.726372637,18:51:16,buy,676,799.38,540380.88
52,TSLA,2023-01-02 20:33:29.000900090,18:25:41,sell,499,278.66,139051.34000000003
53,AAPL,2023-01-02 21:25:54.275427542,10:31:18,sell,975,541.93,528381.75
54,AMZN,2023-01-02 22:18:19.549954995,08:59:27,sell,985,484.84,477567.39999999997
55,AMZN,2023-01-02 23:10:44.824482448,14:16:41,buy,81,209.19,16944.39
56,TSLA,2023-01-03 00:03:10.099009900,01:23:57,sell,179,252.75,45242.25
57,GOOGL,2023-01-03 00:55:35.373537353,04:48:33,buy,276,817.8,225712.8
58,GOOGL,2023-01-03 01:48:00.648064806,05:07:14,sell,571,172.91,98731.61
59,FB,2023-01-03 02:40:25.922592259,20:45:29,sell,389,898.28,349430.92
60,MSFT,2023-01-03 03:32:51.197119711,09:02:04,buy,988,242.59,239678.92
61,GOOGL,2023-01-03 04:25:16.471647164,08:23:21,sell,92,484.11,44538.12
62,FB,2023-01-03 05:17:41.746174617,20:47:56,buy,931,80.96,75373.76
63,AMZN,2023-01-03 06:10:07.020702070,03:25:22,buy,681,758.16,516306.95999999996
64,NFLX,2023-01-03 07:02:32.295229522,17:08:21,buy,970,598.35,580399.5
65,AAPL,2023-01-03 07:54:57.569756975,13:32:12,sell,918,882.28,809933.0399999999
66,GOOGL,2023-01-03 08:47:22.844284428,07:40:46,buy,166,884.52,146830.32
67,FB,2023-01-03 09:39:48.118811881,03:39:52,buy,187,553.89,103577.43
68,AAPL,2023-01-03 10:32:13.393339333,21:41:40,sell,164,246.12,40363.68
69,MSFT,2023-01-03 11:24:38.667866786,14:37:29,sell,99,631.3,62498.7
70,MSFT,2023-01-03 12:17:03.942394239,15:38:19,buy,504,692.83,349186.32
71,FB,2023-01-03 13:09:29.216921692,18:18:39,sell,429,875.17,375447.93
72,GOOGL,2023-01-03 14:01:54.491449144,11:21:02,sell,330,726.9,239877.0
73,MSFT,2023-01-03 14:54:19.765976597,05:53:57,buy,742,557.36,413561.12
74,FB,2023-01-03 15:46:45.040504050,21:01:08,buy,307,456.18,140047.26
75,NFLX,2023-01-03 16:39:10.315031503,18:52:57,buy,834,130.32,108686.87999999999
76,TSLA,2023-01-03 17:31:35.589558955,05:51:59,sell,398,504.14,200647.72
77,GOOGL,2023-01-03 18:24:00.864086408,03:29:45,buy,625,286.84,179274.99999999997
78,AAPL,2023-01-03 19:16:26.138613861,23:51:58,sell,998,664.86,663530.28
79,TSLA,2023-01-03 20:08:51.413141314,00:46:56,sell,632,98.54,62277.280000000006
80,AMZN,2023-01-03 21:01:16.687668766,08:35:01,sell,730,351.92,256901.6
81,FB,2023-01-03 21:53:41.962196219,17:12:10,buy,990,289.19,286298.1
82,AAPL,2023-01-03 22:46:07.236723672,03:09:55,sell,704,287.57,202449.28
83,TSLA,2023-01-03 23:38:32.511251125,00:16:50,buy,700,419.11,293377.0
84,TSLA,2023-01-04 00:30:57.785778577,20:06:11,sell,4,197.04,788.16
85,GOOGL,2023-01-04 01:23:23.060306030,18:05:14,sell,666,972.7,647818.2000000001
86,MSFT,2023-01-04 02:15:48.334833483,10:53:28,sell,788,788.97,621708.36
87,AMZN,2023-01-04 03:08:13.609360936,02:09:16,sell,386,538.21,207749.06000000003
88,FB,2023-01-04 04:00:38.883888388,23:04:58,sell,671,104.97,70434.87
89,FB,2023-01-04 04:53:04.158415841,19:49:50,sell,450,672.79,302755.5
90,GOOGL,2023-01-04 05:45:29.432943294,07:31:34,sell,298,488.35,145528.30000000002
91,FB,2023-01-04 06:37:54.707470747,09:59:58,buy,168,115.37,19382.16
92,TSLA,2023-01-04 07:30:19.981998199,09:59:42,buy,258,109.44,28235.52
93,AAPL,2023-01-04 08:22:45.256525652,19:57:36,buy,886,513.16,454659.75999999995
94,GOOGL,2023-01-04 09:15:10.531053105,19:52:59,buy,390,251.86,98225.40000000001
95,AAPL,2023-01-04 10:07:35.805580558,15:32:27,sell,918,999.78,917798.0399999999
96,AAPL,2023-01-04 11:00:01.080108010,01:23:44,sell,394,789.5,311063.0
97,TSLA,2023-01-04 11:52:26.354635463,10:39:29,buy,43,454.71,19552.53
98,GOOGL,2023-01-04 12:44:51.629162916,01:01:51,buy,468,557.23,260783.64
99,MSFT,2023-01-04 13:37:16.903690369,18:32:34,buy,875,935.76,818790.0
100,GOOGL,2023-01-04 14:29:42.178217821,22:56:11,buy,379,563.63,213615.77
101,GOOGL,2023-01-04 15:22:07.452745274,02:47:08,buy,889,603.66,536653.74
102,GOOGL,2023-01-04 16:14:32.727272727,12:47:05,sell,931,869.31,809327.61
103,MSFT,2023-01-04 17:06:58.001800180,04:43:47,buy,679,665.59,451935.61000000004
104,NFLX,2023-01-04 17:59:23.276327632,18:02:20,sell,24,362.15,8691.599999999999
105,AMZN,2023-01-04 18:51:48.550855085,20:33:07,sell,219,345.41,75644.79000000001
106,MSFT,2023-01-04 19:44:13.825382538,14:18:38,buy,80,105.4,8432.0
107,AAPL,2023-01-04 20:36:39.099909991,20:58:17,sell,350,464.8,162680.0
108,NFLX,2023-01-04 21:29:04.374437443,00:03:48,buy,204,310.01,63242.04
109,GOOGL,2023-01-04 22:21:29.648964896,05:33:58,buy,497,608.0,302176.0
110,MSFT,2023-01-04 23:13:54.923492349,06:21:55,sell,78,856.02,66769.56
111,GOOGL,2023-01-05 00:06:20.198019801,12:03:24,sell,658,532.83,350602.14
112,FB,2023-01-05 00:58:45.472547254,08:56:36,sell,58,667.27,38701.659999999996
113,AAPL,2023-01-05 01:51:10.747074707,11:54:19,sell,579,681.12,394368.48
114,AAPL,2023-01-05 02:43:36.021602160,00:12:05,buy,222,743.52,165061.44
115,TSLA,2023-01-05 03:36:01.296129612,07:07:50,sell,155,73.42,11380.1
116,MSFT,2023-01-05 04:28:26.570657065,16:17:12,sell,889,203.49,180902.61000000002
117,GOOGL,2023-01-05 05:20:51.845184518,06:46:35,sell,920,627.03,576867.6
118,NFLX,2023-01-05 06:13:17.119711971,13:48:17,buy,895,669.57,599265.15
119,AMZN,2023-01-05 07:05:42.394239423,10:42:31,sell,882,252.11,222361.02000000002
120,FB,2023-01-05 07:58:07.668766876,20:42:50,sell,412,108.4,44660.8
121,TSLA,2023-01-05 08:50:32.943294329,00:00:23,buy,229,609.91,139669.38999999998
122,NFLX,2023-01-05 09:42:58.217821782,10:54:38,sell,435,275.66,119912.1
123,MSFT,2023-01-05 10:35:23.492349234,10:29:21,sell,805,400.52,322418.6
124,FB,2023-01-05 11:27:48.766876687,20:52:19,buy,179,384.28,68786.12
125,TSLA,2023-01-05 12:20:14.041404140,06:56:19,sell,594,121.68,72277.92
126,AMZN,2023-01-05 13:12:39.315931593,01:39:00,sell,620,356.29,220899.80000000002
127,MSFT,2023-01-05 14:05:04.590459045,14:21:41,buy,98,707.8,69364.4
128,TSLA,2023-01-05 14:57:29.864986498,06:38:58,buy,538,219.08,117865.04000000001
129,AAPL,2023-01-05 15:49:55.139513951,02:58:10,buy,347,119.95,41622.65
130,GOOGL,2023-01-05 16:42:20.414041404,17:05:21,sell,470,943.43,443412.1
131,AAPL,2023-01-05 17:34:45.688568856,03:27:09,buy,604,239.87,144881.48
132,FB,2023-01-05 18:27:10.963096309,16:51:10,sell,509,701.25,356936.25
133,NFLX,2023-01-05 19:19:36.237623762,21:39:16,sell,431,342.82,147755.41999999998
134,AMZN,2023-01-05 20:12:01.512151215,07:00:04,sell,481,739.0,355459.0
135,NFLX,2023-01-05 21:04:26.786678667,00:06:28,buy,747,798.44,596434.68
136,FB,2023-01-05 21:56:52.061206120,16:14:39,sell,612,465.47,284867.64
137,TSLA,2023-01-05 22:49:17.335733573,11:45:40,sell,792,731.13,579054.96
138,FB,2023-01-05 23:41:42.610261026,09:26:17,sell,22,328.84,7234.48
139,MSFT,2023-01-06 00:34:07.884788478,19:02:57,buy,711,73.43,52208.73
140,TSLA,2023-01-06 01:26:33.159315931,18:16:53,buy,701,928.81,651095.8099999999
141,TSLA,2023-01-06 02:18:58.433843384,06:51:51,sell,316,195.15,61667.4
142,AMZN,2023-01-06 03:11:23.708370837,14:27:23,buy,132,304.53,40197.96
143,NFLX,2023-01-06 04:03:48.982898289,01:26:06,buy,243,99.31,24132.33
144,AMZN,2023-01-06 04:56:14.257425742,05:26:36,sell,30,821.61,24648.3
145,FB,2023-01-06 05:48:39.531953195,21:55:46,sell,985,984.35,969584.75
146,FB,2023-01-06 06:41:04.806480648,04:32:37,buy,861,186.04,160180.44
147,NFLX,2023-01-06 07:33:30.081008100,01:47:45,sell,694,395.76,274657.44
148,AMZN,2023-01-06 08:25:55.355535553,14:27:53,sell,426,137.89,58741.13999999999
149,GOOGL,2023-01-06 09:18:20.630063006,13:10:23,sell,852,923.54,786856.08
150,AMZN,2023-01-06 10:10:45.904590459,19:00:39,buy,358,510.6,182794.80000000002
151,MSFT,2023-01-06 11:03:11.179117911,12:45:58,buy,115,156.39,17984.85
152,AAPL,2023-01-06 11:55:36.453645364,05:17:58,buy,265,87.75,23253.75
153,MSFT,2023-01-06 12:48:01.728172817,23:57:02,sell,797,846.31,674509.07
154,NFLX,2023-01-06 13:40:27.002700270,09:39:08,sell,661,884.98,584971.78
155,AAPL,2023-01-06 14:32:52.277227722,13:58:08,buy,959,993.94,953188.4600000001
156,MSFT,2023-01-06 15:25:17.551755175,20:14:58,buy,233,510.59,118967.47
157,TSLA,2023-01-06 16:17:42.826282628,15:16:28,buy,105,119.94,12593.699999999999
158,AAPL,2023-01-06 17:10:08.100810081,11:05:39,sell,988,711.27,702734.76
159,TSLA,2023-01-06 18:02:33.375337533,04:41:12,sell,474,77.34,36659.16
160,TSLA,2023-01-06 18:54:58.649864986,12:15:50,sell,514,614.8,316007.19999999995
161,NFLX,2023-01-06 19:47:23.924392439,05:00:36,sell,916,842.28,771528.48
162,MSFT,2023-01-06 20:39:49.198919891,13:21:36,sell,607,371.87,225725.09
163,GOOGL,2023-01-06 21:32:14.473447344,11:10:18,buy,377,138.85,52346.45
164,MSFT,2023-01-06 22:24:39.747974797,22:39:06,sell,385,71.24,27427.399999999998
165,TSLA,2023-01-06 23:17:05.022502250,16:36:13,sell,595,388.11,230925.45
166,TSLA,2023-01-07 00:09:30.297029702,05:09:42,buy,86,167.01,14362.859999999999
167,AAPL,2023-01-07 01:01:55.571557155,01:40:00,buy,937,167.49,156938.13
168,NFLX,2023-01-07 01:54:20.846084608,19:25:45,buy,536,86.42,46321.12
169,AMZN,2023-01-07 02:46:46.120612061,16:15:49,buy,100,439.86,43986.0
170,TSLA,2023-01-07 03:39:11.395139513,08:29:09,sell,816,967.44,789431.04
171,GOOGL,2023-01-07 04:31:36.669666966,14:45:44,sell,439,291.59,128008.01
172,FB,2023-01-07 05:24:01.944194419,04:57:36,sell,471,606.15,285496.64999999997
173,GOOGL,2023-01-07 06:16:27.218721872,07:57:49,buy,215,163.7,35195.5
174,NFLX,2023-01-07 07:08:52.493249324,01:03:20,sell,399,702.48,280289.52
175,MSFT,2023-01-07 08:01:17.767776777,19:45:26,buy,949,284.36,269857.64
176,GOOGL,2023-01-07 08:53:43.042304230,01:07:42,sell,197,465.06,91616.82
177,NFLX,2023-01-07 09:46:08.316831683,15:57:18,sell,540,216.91,117131.4
178,GOOGL,2023-01-07 10:38:33.591359135,14:33:48,buy,943,224.29,211505.47
179,GOOGL,2023-01-07 11:30:58.865886588,16:48:43,buy,774,890.45,689208.3
180,AAPL,2023-01-07 12:23:24.140414041,19:51:51,sell,251,723.33,181555.83000000002
181,FB,2023-01-07 13:15:49.414941494,20:48:47,sell,960,55.63,53404.8
182,AMZN,2023-01-07 14:08:14.689468946,01:41:31,buy,446,347.82,155127.72
183,NFLX,2023-01-07 15:00:39.963996399,05:47:21,sell,721,290.08,209147.68
184,GOOGL,2023-01-07 15:53:05.238523852,19:30:00,buy,372,769.85,286384.2
185,AMZN,2023-01-07 16:45:30.513051305,01:42:59,buy,203,561.13,113909.39
186,AAPL,2023-01-07 17:37:55.787578757,21:40:49,sell,503,144.99,72929.97
187,AMZN,2023-01-07 18:30:21.062106210,01:54:46,buy,784,909.83,713306.7200000001
188,TSLA,2023-01-07 19:22:46.336633663,13:47:03,buy,13,505.63,6573.19
189,GOOGL,2023-01-07 20:15:11.611161116,12:25:46,buy,979,987.88,967134.52
190,NFLX,2023-01-07 21:07:36.885688568,06:02:04,sell,217,148.7,32267.899999999998
191,NFLX,2023-01-07 22:00:02.160216021,23:01:48,buy,722,838.8,605613.6
192,NFLX,2023-01-07 22:52:27.434743474,07:46:03,sell,690,809.2,558348.0
193,GOOGL,2023-01-07 23:44:52.709270927,09:08:52,sell,302,438.34,132378.68
194,AMZN,2023-01-08 00:37:17.983798379,13:18:35,buy,928,176.42,163717.75999999998
195,NFLX,2023-01-08 01:29:43.258325832,16:43:59,buy,228,818.97,186725.16
196,FB,2023-01-08 02:22:08.532853285,07:41:46,buy,64,780.19,49932.16
197,AMZN,2023-01-08 03:14:33.807380738,18:30:03,buy,557,316.99,176563.43
198,AMZN,2023-01-08 04:06:59.081908190,14:28:52,sell,856,573.6,491001.60000000003
199,TSLA,2023-01-08 04:59:24.356435643,06:26:31,sell,800,146.07,116856.0
200,AAPL,2023-01-08 05:51:49.630963096,07:34:19,buy,648,156.77,101586.96
201,GOOGL,2023-01-08 06:44:14.905490549,03:12:44,sell,167,221.73,37028.909999999996
202,AAPL,2023-01-08 07:36:40.180018001,04:57:49,buy,90,848.73,76385.7
203,MSFT,2023-01-08 08:29:05.454545454,23:30:07,buy,386,211.19,81519.34
204,AAPL,2023-01-08 09:21:30.729072907,17:19:47,buy,322,882.24,284081.28
205,NFLX,2023-01-08 10:13:56.003600360,18:45:37,sell,382,978.16,373657.12
206,GOOGL,2023-01-08 11:06:21.278127812,05:02:30,sell,756,263.23,199001.88
207,TSLA,2023-01-08 11:58:46.552655265,03:42:55,buy,351,343.12,120435.12
208,FB,2023-01-08 12:51:11.827182718,22:29:20,sell,982,147.18,144530.76
209,AAPL,2023-01-08 13:43:37.101710171,02:55:46,sell,379,339.48,128662.92000000001
210,MSFT,2023-01-08 14:36:02.376237623,14:17:11,buy,930,432.35,402085.5
211,FB,2023-01-08 15:28:27.650765076,12:28:17,buy,753,437.19,329204.07
212,NFLX,2023-01-08 16:20:52.925292529,13:07:49,buy,340,511.74,173991.6
213,TSLA,2023-01-08 17:13:18.199819982,23:06:50,buy,340,613.93,208736.19999999998
214,GOOGL,2023-01-08 18:05:43.474347434,04:57:26,sell,486,146.21,71058.06
215,GOOGL,2023-01-08 18:58:08.748874887,05:10:28,sell,242,801.56,193977.52
216,AAPL,2023-01-08 19:50:34.023402340,17:33:54,buy,33,552.58,18235.140000000003
217,GOOGL,2023-01-08 20:42:59.297929793,16:43:02,buy,219,407.51,89244.69
218,FB,2023-01-08 21:35:24.572457245,19:19:52,sell,372,731.26,272028.72
219,AAPL,2023-01-08 22:27:49.846984698,01:54:10,sell,628,63.32,39764.96
220,MSFT,2023-01-08 23:20:15.121512151,03:41:18,sell,474,261.41,123908.34000000001
221,NFLX,2023-01-09 00:12:40.396039603,02:29:52,buy,295,867.36,255871.2
222,AAPL,2023-01-09 01:05:05.670567056,10:36:51,buy,926,606.88,561970.88
223,NFLX,2023-01-09 01:57:30.945094509,20:28:23,sell,669,195.44,130749.36
224,FB,2023-01-09 02:49:56.219621962,02:46:30,buy,355,145.11,51514.05
225,TSLA,2023-01-09 03:42:21.494149414,10:02:17,buy,594,58.8,34927.2
226,NFLX,2023-01-09 04:34:46.768676867,08:41:12,buy,909,601.17,546463.5299999999
227,FB,2023-01-09 05:27:12.043204320,02:46:47,sell,548,519.8,284850.39999999997
228,MSFT,2023-01-09 06:19:37.317731773,11:52:53,sell,498,722.12,359615.76
229,TSLA,2023-01-09 07:12:02.592259225,04:48:32,buy,673,689.18,463818.13999999996
230,FB,2023-01-09 08:04:27.866786678,07:20:56,buy,706,616.15,435001.89999999997
231,NFLX,2023-01-09 08:56:53.141314131,11:56:41,buy,164,577.89,94773.95999999999
232,TSLA,2023-01-09 09:49:18.415841584,10:38:10,buy,311,162.42,50512.619999999995
233,NFLX,2023-01-09 10:41:43.690369036,14:39:15,buy,795,112.59,89509.05
234,AAPL,2023-01-09 11:34:08.964896489,23:41:02,buy,57,88.57,5048.49
235,AMZN,2023-01-09 12:26:34.239423942,06:34:20,sell,521,405.93,211489.53
236,MSFT,2023-01-09 13:18:59.513951395,20:59:36,buy,287,799.18,229364.65999999997
237,FB,2023-01-09 14:11:24.788478847,14:10:16,sell,918,360.26,330718.68
238,NFLX,2023-01-09 15:03:50.063006300,13:27:18,buy,235,144.86,34042.100000000006
239,AAPL,2023-01-09 15:56:15.337533753,19:47:08,buy,887,401.05,355731.35000000003
240,NFLX,2023-01-09 16:48:40.612061206,21:23:59,sell,599,370.39,221863.61
241,AMZN,2023-01-09 17:41:05.886588658,17:56:34,buy,314,729.63,229103.82
242,TSLA,2023-01-09 18:33:31.161116111,04:17:24,buy,837,327.27,273924.99
243,FB,2023-01-09 19:25:56.435643564,22:46:20,buy,488,509.33,248553.03999999998
244,GOOGL,2023-01-09 20:18:21.710171017,11:11:28,buy,970,721.11,699476.7000000001
245,TSLA,2023-01-09 21:10:46.984698469,04:02:04,sell,609,797.79,485854.11
246,AMZN,2023-01-09 22:03:12.259225922,12:47:11,buy,705,457.89,322812.45
247,TSLA,2023-01-09 22:55:37.533753375,22:02:31,buy,490,554.59,271749.10000000003
248,GOOGL,2023-01-09 23:48:02.808280828,03:38:29,sell,672,625.5,420336.0
249,AMZN,2023-01-10 00:40:28.082808280,02:38:26,sell,680,805.3,547604.0
250,GOOGL,2023-01-10 01:32:53.357335733,19:33:46,buy,34,870.56,29599.039999999997
251,TSLA,2023-01-10 02:25:18.631863186,12:37:03,buy,620,266.96,165515.19999999998
252,NFLX,2023-01-10 03:17:43.906390639,23:34:30,sell,659,883.74,582384.66
253,FB,2023-01-10 04:10:09.180918091,16:17:18,buy,718,466.25,334767.5
254,NFLX,2023-01-10 05:02:34.455445544,21:29:14,buy,467,930.3,434450.1
255,MSFT,2023-01-10 05:54:59.729972997,08:23:17,buy,117,328.78,38467.259999999995
256,MSFT,2023-01-10 06:47:25.004500450,15:33:14,sell,725,171.7,124482.49999999999
257,NFLX,2023-01-10 07:39:50.279027902,17:19:20,sell,749,755.91,566176.59
258,AAPL,2023-01-10 08:32:15.553555355,04:17:31,sell,815,692.21,564151.15
259,AMZN,2023-01-10 09:24:40.828082808,14:45:49,sell,92,452.64,41642.88
260,AMZN,2023-01-10 10:17:06.102610261,03:15:49,buy,865,711.37,615335.05
261,TSLA,2023-01-10 11:09:31.377137713,23:04:01,buy,19,451.76,8583.44
262,AAPL,2023-01-10 12:01:56.651665166,03:20:23,sell,727,221.74,161204.98
263,AMZN,2023-01-10 12:54:21.926192619,18:10:06,buy,789,269.39,212548.71
264,TSLA,2023-01-10 13:46:47.200720072,02:43:49,buy,803,475.99,382219.97000000003
265,NFLX,2023-01-10 14:39:12.475247524,07:10:59,buy,984,488.38,480565.92
266,AAPL,2023-01-10 15:31:37.749774977,10:29:48,buy,158,993.8,157020.4
267,MSFT,2023-01-10 16:24:03.024302430,20:59:41,buy,466,709.48,330617.68
268,AAPL,2023-01-10 17:16:28.298829883,09:10:11,sell,916,234.94,215205.04
269,AAPL,2023-01-10 18:08:53.573357335,16:44:38,sell,612,439.53,268992.36
270,AAPL,2023-01-10 19:01:18.847884788,22:39:32,buy,838,648.26,543241.88
271,AMZN,2023-01-10 19:53:44.122412241,02:30:03,sell,921,933.13,859412.73
272,AMZN,2023-01-10 20:46:09.396939693,18:53:41,buy,91,659.24,59990.840000000004
273,MSFT,2023-01-10 21:38:34.671467146,18:19:40,buy,341,110.23,37588.43
274,TSLA,2023-01-10 22:30:59.945994599,13:12:55,sell,438,886.29,388195.01999999996
275,FB,2023-01-10 23:23:25.220522052,23:02:55,sell,347,971.1,336971.7
276,TSLA,2023-01-11 00:15:50.495049504,08:02:34,sell,424,106.22,45037.28
277,AMZN,2023-01-11 01:08:15.769576957,20:02:57,buy,419,945.52,396172.88
278,TSLA,2023-01-11 02:00:41.044104410,12:45:16,sell,500,494.84,247420.0
279,AMZN,2023-01-11 02:53:06.318631863,10:29:24,buy,742,852.34,632436.28
280,FB,2023-01-11 03:45:31.593159315,17:24:46,sell,297,897.71,266619.87
281,GOOGL,2023-01-11 04:37:56.867686768,12:27:42,sell,504,300.42,151411.68000000002
282,GOOGL,2023-01-11 05:30:22.142214221,06:18:51,sell,993,917.61,911186.73
283,FB,2023-01-11 06:22:47.416741674,07:50:30,buy,239,274.75,65665.25
284,NFLX,2023-01-11 07:15:12.691269126,15:32:50,buy,496,763.56,378725.75999999995
285,TSLA,2023-01-11 08:07:37.965796579,19:50:59,sell,960,144.2,138432.0
286,AAPL,2023-01-11 09:00:03.240324032,13:15:52,sell,790,513.8,405901.99999999994
287,TSLA,2023-01-11 09:52:28.514851485,17:46:53,sell,146,712.56,104033.76
288,AMZN,2023-01-11 10:44:53.789378937,20:13:40,sell,618,460.72,284724.96
289,AAPL,2023-01-11 11:37:19.063906390,11:49:37,buy,148,440.09,65133.32
290,GOOGL,2023-01-11 12:29:44.338433843,03:05:50,buy,531,100.41,53317.71
291,GOOGL,2023-01-11 13:22:09.612961296,09:08:31,sell,79,283.48,22394.920000000002
292,TSLA,2023-01-11 14:14:34.887488748,07:01:45,buy,457,984.64,449980.48
293,FB,2023-01-11 15:07:00.162016201,17:42:02,buy,480,164.57,78993.59999999999
294,TSLA,2023-01-11 15:59:25.436543654,11:07:53,sell,945,230.35,217680.75
295,TSLA,2023-01-11 16:51:50.711071107,16:20:10,sell,14,611.23,8557.220000000001
296,AAPL,2023-01-11 17:44:15.985598559,03:55:21,sell,140,198.79,27830.6
297,MSFT,2023-01-11 18:36:41.260126012,02:26:47,sell,254,868.02,220477.08
298,TSLA,2023-01-11 19:29:06.534653465,03:28:42,buy,355,759.93,269775.14999999997
299,FB,2023-01-11 20:21:31.809180918,19:35:28,buy,739,568.96,420461.44
300,AMZN,2023-01-11 21:13:57.083708370,19:02:24,sell,519,832.86,432254.34
301,GOOGL,2023-01-11 22:06:22.358235823,00:33:05,sell,287,646.41,185519.66999999998
302,TSLA,2023-01-11 22:58:47.632763276,22:36:23,sell,939,943.03,885505.1699999999
303,NFLX,2023-01-11 23:51:12.907290729,20:50:55,sell,164,817.49,134068.36000000002
304,AAPL,2023-01-12 00:43:38.181818181,07:22:42,sell,388,880.8,341750.39999999997
305,FB,2023-01-12 01:36:03.456345634,15:35:58,sell,843,129.3,108999.90000000001
306,FB,2023-01-12 02:28:28.730873087,03:17:32,sell,752,370.58,278676.16
307,TSLA,2023-01-12 03:20:54.005400540,04:46:14,buy,978,360.35,352422.30000000005
308,GOOGL,2023-01-12 04:13:19.279927992,09:53:16,buy,869,807.14,701404.66
309,MSFT,2023-01-12 05:05:44.554455445,09:10:21,sell,394,72.69,28639.86
310,MSFT,2023-01-12 05:58:09.828982898,02:24:53,sell,773,150.1,116027.29999999999
311,TSLA,2023-01-12 06:50:35.103510351,10:51:09,buy,513,622.72,319455.36
312,AMZN,2023-01-12 07:43:00.378037803,18:52:40,buy,747,312.55,233474.85
313,AAPL,2023-01-12 08:35:25.652565256,19:39:48,sell,249,493.0,122757.0
314,NFLX,2023-01-12 09:27:50.927092709,07:26:58,sell,43,671.12,28858.16
315,FB,2023-01-12 10:20:16.201620162,20:31:57,sell,316,773.99,244580.84
316,MSFT,2023-01-12 11:12:41.476147614,04:54:07,sell,779,76.77,59803.829999999994
317,FB,2023-01-12 12:05:06.750675067,14:18:00,sell,983,481.85,473658.55000000005
318,NFLX,2023-01-12 12:57:32.025202520,13:01:48,buy,483,793.82,383415.06
319,TSLA,2023-01-12 13:49:57.299729973,19:51:19,sell,380,938.71,356709.8
320,MSFT,2023-01-12 14:42:22.574257425,13:09:44,buy,617,420.47,259429.99000000002
321,MSFT,2023-01-12 15:34:47.848784878,04:05:48,buy,511,354.37,181083.07
322,AAPL,2023-01-12 16:27:13.123312331,15:10:15,sell,335,701.52,235009.19999999998
323,NFLX,2023-01-12 17:19:38.397839783,09:55:23,buy,354,284.9,100854.59999999999
324,AMZN,2023-01-12 18:12:03.672367236,10:48:13,buy,879,174.92,153754.68
325,AAPL,2023-01-12 19:04:28.946894689,01:37:38,buy,234,470.25,110038.5
326,FB,2023-01-12 19:56:54.221422142,00:32:22,sell,954,184.14,175669.56
327,NFLX,2023-01-12 20:49:19.495949594,23:49:58,sell,166,691.74,114828.84
328,GOOGL,2023-01-12 21:41:44.770477047,01:32:22,buy,184,870.97,160258.48
329,AAPL,2023-01-12 22:34:10.045004500,23:37:46,sell,159,733.53,116631.26999999999
330,AMZN,2023-01-12 23:26:35.319531953,15:39:54,sell,7,622.3,4356.099999999999
331,TSLA,2023-01-13 00:19:00.594059405,01:50:43,buy,771,289.03,222842.12999999998
332,MSFT,2023-01-13 01:11:25.868586858,15:23:15,buy,995,721.54,717932.2999999999
333,AMZN,2023-01-13 02:03:51.143114311,06:27:52,sell,317,80.55,25534.35
334,NFLX,2023-01-13 02:56:16.417641764,00:17:08,sell,644,453.85,292279.4
335,FB,2023-01-13 03:48:41.692169216,21:56:53,sell,192,690.74,132622.08000000002
336,FB,2023-01-13 04:41:06.966696669,10:46:12,buy,722,221.32,159793.04
337,TSLA,2023-01-13 05:33:32.241224122,19:23:51,sell,134,371.89,49833.259999999995
338,TSLA,2023-01-13 06:25:57.515751575,14:22:55,sell,28,145.87,4084.36
339,AMZN,2023-01-13 07:18:22.790279027,13:39:30,buy,159,160.6,25535.399999999998
340,TSLA,2023-01-13 08:10:48.064806480,07:31:28,sell,229,875.36,200457.44
341,FB,2023-01-13 09:03:13.339333933,00:45:59,buy,33,64.92,2142.36
342,AMZN,2023-01-13 09:55:38.613861386,18:04:51,sell,429,77.81,33380.49
343,MSFT,2023-01-13 10:48:03.888388838,08:19:48,sell,389,476.8,185475.2
344,MSFT,2023-01-13 11:40:29.162916291,18:12:37,sell,876,496.53,434960.27999999997
345,TSLA,2023-01-13 12:32:54.437443744,17:48:07,sell,588,273.78,160982.63999999998
346,AMZN,2023-01-13 13:25:19.711971197,23:07:19,sell,871,950.04,827484.84
347,MSFT,2023-01-13 14:17:44.986498649,11:25:50,sell,949,739.88,702146.12
348,TSLA,2023-01-13 15:10:10.261026102,14:43:26,buy,991,937.17,928735.47
349,TSLA,2023-01-13 16:02:35.535553555,04:23:03,buy,664,994.51,660354.64
350,AMZN,2023-01-13 16:55:00.810081008,04:44:06,buy,588,907.14,533398.32
351,MSFT,2023-01-13 17:47:26.084608460,11:46:54,buy,359,177.03,63553.77
352,FB,2023-01-13 18:39:51.359135913,18:06:39,buy,79,645.43,50988.969999999994
353,FB,2023-01-13 19:32:16.633663366,14:44:58,buy,845,197.68,167039.6
354,AMZN,2023-01-13 20:24:41.908190819,22:49:21,sell,444,784.54,348335.76
355,AAPL,2023-01-13 21:17:07.182718271,04:34:08,buy,318,597.52,190011.36
356,FB,2023-01-13 22:09:32.457245724,01:56:14,sell,443,452.5,200457.5
357,NFLX,2023-01-13 23:01:57.731773177,21:27:49,buy,339,808.69,274145.91000000003
358,MSFT,2023-01-13 23:54:23.006300630,04:26:22,buy,491,406.05,199370.55000000002
359,MSFT,2023-01-14 00:46:48.280828082,11:22:45,buy,113,749.07,84644.91
360,MSFT,2023-01-14 01:39:13.555355535,18:28:05,sell,213,884.35,188366.55000000002
361,NFLX,2023-01-14 02:31:38.829882988,03:49:45,sell,57,722.18,41164.259999999995
362,GOOGL,2023-01-14 03:24:04.104410441,19:40:37,sell,380,336.98,128052.40000000001
363,TSLA,2023-01-14 04:16:29.378937893,06:03:01,sell,648,790.45,512211.60000000003
364,TSLA,2023-01-14 05:08:54.653465346,14:50:48,sell,692,52.15,36087.799999999996
365,AAPL,2023-01-14 06:01:19.927992799,01:18:07,buy,421,51.11,21517.31
366,TSLA,2023-01-14 06:53:45.202520252,10:05:57,buy,670,647.7,433959.00000000006
367,AMZN,2023-01-14 07:46:10.477047704,19:37:44,buy,358,949.37,339874.46
368,TSLA,2023-01-14 08:38:35.751575157,09:54:00,buy,735,797.22,585956.7000000001
369,FB,2023-01-14 09:31:01.026102610,13:05:35,buy,658,294.16,193557.28000000003
370,AMZN,2023-01-14 10:23:26.300630063,06:11:47,sell,398,461.54,183692.92
371,MSFT,2023-01-14 11:15:51.575157515,21:05:58,buy,499,226.64,113093.35999999999
372,NFLX,2023-01-14 12:08:16.849684968,08:29:23,buy,135,192.33,25964.550000000003
373,GOOGL,2023-01-14 13:00:42.124212421,02:53:48,sell,498,847.34,421975.32
374,AMZN,2023-01-14 13:53:07.398739874,16:58:35,buy,472,378.61,178703.92
375,TSLA,2023-01-14 14:45:32.673267326,19:49:21,buy,578,214.19,123801.81999999999
376,AAPL,2023-01-14 15:37:57.947794779,09:17:58,buy,190,833.63,158389.7
377,GOOGL,2023-01-14 16:30:23.222322232,01:14:04,buy,164,355.36,58279.04
378,MSFT,2023-01-14 17:22:48.496849685,17:53:19,sell,382,790.6,302009.2
379,AMZN,2023-01-14 18:15:13.771377137,18:30:05,sell,589,685.72,403889.08
380,FB,2023-01-14 19:07:39.045904590,07:21:57,sell,515,994.33,512079.95
381,TSLA,2023-01-14 20:00:04.320432043,11:04:47,sell,444,546.23,242526.12
382,AAPL,2023-01-14 20:52:29.594959496,04:10:45,sell,560,207.85,116396.0
383,AAPL,2023-01-14 21:44:54.869486948,23:28:17,buy,781,806.02,629501.62
384,AAPL,2023-01-14 22:37:20.144014401,17:05:56,sell,238,144.39,34364.82
385,MSFT,2023-01-14 23:29:45.418541854,23:18:29,sell,76,668.48,50804.48
386,AAPL,2023-01-15 00:22:10.693069306,10:33:44,buy,155,112.98,17511.9
387,NFLX,2023-01-15 01:14:35.967596759,05:56:49,sell,967,147.95,143067.65
388,NFLX,2023-01-15 02:07:01.242124212,14:50:41,buy,839,241.0,202199.0
389,TSLA,2023-01-15 02:59:26.516651665,05:10:42,buy,827,656.07,542569.89
390,FB,2023-01-15 03:51:51.791179117,06:02:03,sell,649,265.11,172056.39
391,AAPL,2023-01-15 04:44:17.065706570,05:10:25,buy,782,324.99,254142.18
392,TSLA,2023-01-15 05:36:42.340234023,23:27:13,sell,913,636.18,580832.34
393,AMZN,2023-01-15 06:29:07.614761476,22:40:36,buy,267,571.5,152590.5
394,FB,2023-01-15 07:21:32.889288928,02:20:26,buy,315,863.18,271901.7
395,AAPL,2023-01-15 08:13:58.163816381,05:53:03,buy,775,850.03,658773.25
396,NFLX,2023-01-15 09:06:23.438343834,18:49:43,sell,673,979.03,658887.19
397,NFLX,2023-01-15 09:58:48.712871287,15:35:22,sell,105,149.15,15660.75
398,AAPL,2023-01-15 10:51:13.987398739,21:01:09,buy,708,441.48,312567.84
399,MSFT,2023-01-15 11:43:39.261926192,14:47:34,sell,445,439.21,195448.44999999998
400,AAPL,2023-01-15 12:36:04.536453645,12:27:00,buy,511,342.86,175201.46000000002
401,AAPL,2023-01-15 13:28:29.810981098,15:09:25,buy,38,130.85,4972.3
402,GOOGL,2023-01-15 14:20:55.085508550,09:43:03,sell,138,56.1,7741.8
403,AMZN,2023-01-15 15:13:20.360036003,06:02:43,sell,866,869.16,752692.5599999999
404,AMZN,2023-01-15 16:05:45.634563456,03:02:03,buy,557,235.79,131335.03
405,AAPL,2023-01-15 16:58:10.909090909,02:17:33,buy,37,776.38,28726.06
406,GOOGL,2023-01-15 17:50:36.183618361,13:30:50,sell,841,55.44,46625.04
407,FB,2023-01-15 18:43:01.458145814,14:40:20,sell,819,440.11,360450.09
408,GOOGL,2023-01-15 19:35:26.732673267,11:37:20,buy,833,836.1,696471.3
409,AMZN,2023-01-15 20:27:52.007200720,04:22:16,sell,345,61.6,21252.0
410,FB,2023-01-15 21:20:17.281728172,14:39:06,buy,864,69.2,59788.8
411,TSLA,2023-01-15 22:12:42.556255625,10:41:19,buy,500,51.14,25570.0
412,TSLA,2023-01-15 23:05:07.830783078,21:31:52,buy,150,594.42,89163.0
413,FB,2023-01-15 23:57:33.105310531,00:13:56,buy,825,748.01,617108.25
414,MSFT,2023-01-16 00:49:58.379837983,12:17:36,buy,290,361.97,104971.3
415,AMZN,2023-01-16 01:42:23.654365436,05:54:16,sell,868,492.41,427411.88
416,AMZN,2023-01-16 02:34:48.928892889,11:13:18,sell,49,929.98,45569.020000000004
417,TSLA,2023-01-16 03:27:14.203420342,17:38:10,sell,975,326.27,318113.25
418,MSFT,2023-01-16 04:19:39.477947794,03:04:01,buy,75,533.79,40034.25
419,GOOGL,2023-01-16 05:12:04.752475247,03:43:18,buy,559,171.28,95745.52
420,MSFT,2023-01-16 06:04:30.027002700,18:23:59,sell,314,747.87,234831.18
421,AMZN,2023-01-16 06:56:55.301530153,21:40:40,sell,80,282.45,22596.0
422,AMZN,2023-01-16 07:49:20.576057605,01:12:37,sell,533,231.77,123533.41
423,TSLA,2023-01-16 08:41:45.850585058,14:51:02,sell,297,672.24,199655.28
424,AAPL,2023-01-16 09:34:11.125112511,20:36:54,buy,579,702.7,406863.30000000005
425,TSLA,2023-01-16 10:26:36.399639964,21:55:30,sell,927,231.43,214535.61000000002
426,TSLA,2023-01-16 11:19:01.674167416,08:13:06,buy,627,967.49,606616.23
427,MSFT,2023-01-16 12:11:26.948694869,01:57:14,sell,554,256.63,142173.02
428,NFLX,2023-01-16 13:03:52.223222322,05:06:12,buy,285,911.1,259663.5
429,NFLX,2023-01-16 13:56:17.497749775,13:29:00,buy,370,431.27,159569.9
430,AAPL,2023-01-16 14:48:42.772277227,07:35:02,buy,239,295.1,70528.90000000001
431,GOOGL,2023-01-16 15:41:08.046804680,11:45:38,buy,673,874.8,588740.4
432,FB,2023-01-16 16:33:33.321332133,05:53:13,buy,977,435.41,425395.57
433,MSFT,2023-01-16 17:25:58.595859586,09:56:01,sell,723,217.48,157238.03999999998
434,AMZN,2023-01-16 18:18:23.870387038,14:03:25,sell,43,162.04,6967.719999999999
435,TSLA,2023-01-16 19:10:49.144914491,04:33:59,buy,33,902.68,29788.44
436,FB,2023-01-16 20:03:14.419441944,17:00:29,sell,381,535.49,204021.69
437,TSLA,2023-01-16 20:55:39.693969396,10:15:57,sell,493,94.77,46721.61
438,FB,2023-01-16 21:48:04.968496849,01:08:17,sell,742,281.91,209177.22000000003
439,NFLX,2023-01-16 22:40:30.243024302,11:05:57,sell,14,869.91,12178.74
440,MSFT,2023-01-16 23:32:55.517551755,18:20:06,buy,457,238.23,108871.11
441,TSLA,2023-01-17 00:25:20.792079207,14:30:59,sell,705,872.27,614950.35
442,TSLA,2023-01-17 01:17:46.066606660,23:34:29,buy,335,182.94,61284.9
443,AMZN,2023-01-17 02:10:11.341134113,03:30:54,sell,881,534.88,471229.27999999997
444,TSLA,2023-01-17 03:02:36.615661566,17:46:07,sell,224,136.96,30679.04
445,TSLA,2023-01-17 03:55:01.890189018,08:08:44,buy,471,175.9,82848.90000000001
446,TSLA,2023-01-17 04:47:27.164716471,18:17:27,buy,107,867.41,92812.87
447,GOOGL,2023-01-17 05:39:52.439243924,10:20:49,buy,520,120.22,62514.4
448,AMZN,2023-01-17 06:32:17.713771377,17:07:28,buy,437,611.41,267186.17
449,MSFT,2023-01-17 07:24:42.988298829,06:05:33,sell,300,521.99,156597.0
450,AMZN,2023-01-17 08:17:08.262826282,06:58:31,sell,11,865.59,9521.49
451,GOOGL,2023-01-17 09:09:33.537353735,10:01:32,buy,704,389.69,274341.76
452,NFLX,2023-01-17 10:01:58.811881188,22:38:39,sell,949,492.76,467629.24
453,AAPL,2023-01-17 10:54:24.086408640,12:25:04,buy,592,548.91,324954.72
454,FB,2023-01-17 11:46:49.360936093,15:00:46,sell,763,460.99,351735.37
455,MSFT,2023-01-17 12:39:14.635463546,13:38:09,sell,588,444.35,261277.80000000002
456,FB,2023-01-17 13:31:39.909990999,07:51:10,buy,514,764.43,392917.01999999996
457,MSFT,2023-01-17 14:24:05.184518451,12:35:56,sell,644,195.24,125734.56000000001
458,TSLA,2023-01-17 15:16:30.459045904,19:10:04,buy,287,239.15,68636.05
459,FB,2023-01-17 16:08:55.733573357,23:39:58,sell,245,988.51,242184.95
460,GOOGL,2023-01-17 17:01:21.008100810,23:16:03,sell,424,407.59,172818.16
461,NFLX,2023-01-17 17:53:46.282628262,04:38:25,buy,162,288.0,46656.0
462,AAPL,2023-01-17 18:46:11.557155715,20:23:15,sell,996,754.17,751153.32
463,FB,2023-01-17 19:38:36.831683168,07:15:53,sell,479,656.03,314238.37
464,GOOGL,2023-01-17 20:31:02.106210621,22:57:49,sell,184,844.5,155388.0
465,NFLX,2023-01-17 21:23:27.380738073,01:02:30,sell,739,668.38,493932.82
466,GOOGL,2023-01-17 22:15:52.655265526,20:37:17,buy,773,618.15,477829.94999999995
467,GOOGL,2023-01-17 23:08:17.929792979,19:10:48,sell,111,817.96,90793.56
468,TSLA,2023-01-18 00:00:43.204320432,05:31:17,buy,472,863.44,407543.68000000005
469,NFLX,2023-01-18 00:53:08.478847884,05:51:32,sell,266,222.44,59169.04
470,TSLA,2023-01-18 01:45:33.753375337,17:50:39,buy,218,774.97,168943.46
471,AAPL,2023-01-18 02:37:59.027902790,12:46:19,buy,137,964.23,132099.51
472,AAPL,2023-01-18 03:30:24.302430243,08:53:51,buy,641,788.01,505114.41
473,FB,2023-01-18 04:22:49.576957695,12:35:09,buy,715,198.94,142242.1
474,GOOGL,2023-01-18 05:15:14.851485148,16:32:38,sell,119,590.11,70223.09
475,AMZN,2023-01-18 06:07:40.126012601,05:21:07,sell,217,235.93,51196.810000000005
476,TSLA,2023-01-18 07:00:05.400540054,23:18:24,buy,686,677.45,464730.7
477,NFLX,2023-01-18 07:52:30.675067506,13:00:17,buy,151,514.16,77638.15999999999
478,MSFT,2023-01-18 08:44:55.949594959,01:22:09,buy,895,75.76,67805.20000000001
479,MSFT,2023-01-18 09:37:21.224122412,02:48:56,sell,513,933.59,478931.67000000004
480,TSLA,2023-01-18 10:29:46.498649865,01:17:35,sell,867,562.03,487280.00999999995
481,TSLA,2023-01-18 11:22:11.773177317,04:27:40,buy,912,725.74,661874.88
482,AMZN,2023-01-18 12:14:37.047704770,04:16:44,sell,334,373.84,124862.56
483,GOOGL,2023-01-18 13:07:02.322232223,19:14:51,buy,4,439.48,1757.92
484,FB,2023-01-18 13:59:27.596759676,05:56:18,sell,706,375.18,264877.08
485,AMZN,2023-01-18 14:51:52.871287128,05:43:22,sell,91,922.52,83949.31999999999
486,MSFT,2023-01-18 15:44:18.145814581,09:04:31,buy,990,151.13,149618.69999999998
487,FB,2023-01-18 16:36:43.420342034,22:42:22,sell,661,363.43,240227.23
488,FB,2023-01-18 17:29:08.694869486,17:23:15,buy,865,232.48,201095.19999999998
489,GOOGL,2023-01-18 18:21:33.969396939,04:06:18,sell,908,432.03,392283.24
490,GOOGL,2023-01-18 19:13:59.243924392,03:04:52,buy,473,851.63,402820.99
491,GOOGL,2023-01-18 20:06:24.518451845,08:20:22,buy,32,388.62,12435.84
492,AAPL,2023-01-18 20:58:49.792979297,19:59:55,sell,105,576.72,60555.600000000006
493,AMZN,2023-01-18 21:51:15.067506750,06:48:03,buy,112,364.75,40852.0
494,AMZN,2023-01-18 22:43:40.342034203,11:17:37,sell,907,849.22,770242.54
495,FB,2023-01-18 23:36:05.616561656,18:22:23,sell,634,202.32,128270.87999999999
496,NFLX,2023-01-19 00:28:30.891089108,20:41:43,sell,168,253.75,42630.0
497,AAPL,2023-01-19 01:20:56.165616561,23:33:12,buy,707,832.19,588358.3300000001
498,TSLA,2023-01-19 02:13:21.440144014,01:21:06,sell,642,573.9,368443.8
499,NFLX,2023-01-19 03:05:46.714671467,17:24:32,buy,468,221.02,103437.36
500,NFLX,2023-01-19 03:58:11.989198919,22:58:18,buy,480,750.74,360355.2
501,TSLA,2023-01-19 04:50:37.263726372,06:31:02,buy,45,788.41,35478.45
502,AMZN,2023-01-19 05:43:02.538253825,04:10:31,sell,410,505.58,207287.8
503,AMZN,2023-01-19 06:35:27.812781278,03:11:47,buy,27,499.27,13480.289999999999
504,NFLX,2023-01-19 07:27:53.087308730,01:20:41,sell,229,197.83,45303.07
505,AAPL,2023-01-19 08:20:18.361836183,07:48:22,buy,486,634.26,308250.36
506,NFLX,2023-01-19 09:12:43.636363636,15:29:32,sell,965,811.5,783097.5
507,GOOGL,2023-01-19 10:05:08.910891089,04:10:20,sell,419,352.8,147823.2
508,TSLA,2023-01-19 10:57:34.185418541,08:22:31,buy,853,656.24,559772.72
509,AAPL,2023-01-19 11:49:59.459945994,00:01:05,sell,898,588.24,528239.52
510,AAPL,2023-01-19 12:42:24.734473447,00:12:09,buy,200,310.65,62129.99999999999
511,MSFT,2023-01-19 13:34:50.009000900,06:45:02,sell,656,448.22,294032.32
512,TSLA,2023-01-19 14:27:15.283528352,16:02:22,sell,295,561.34,165595.30000000002
513,GOOGL,2023-01-19 15:19:40.558055805,21:03:56,buy,600,84.64,50784.0
514,NFLX,2023-01-19 16:12:05.832583258,02:45:49,sell,430,253.51,109009.3
515,NFLX,2023-01-19 17:04:31.107110711,11:52:56,buy,343,100.43,34447.490000000005
516,TSLA,2023-01-19 17:56:56.381638163,11:08:21,sell,47,114.48,5380.56
517,AAPL,2023-01-19 18:49:21.656165616,18:04:34,buy,865,667.5,577387.5
518,AMZN,2023-01-19 19:41:46.930693069,14:50:29,sell,348,149.19,51918.12
519,AAPL,2023-01-19 20:34:12.205220522,12:26:17,buy,563,973.29,547962.27
520,NFLX,2023-01-19 21:26:37.479747974,15:31:38,buy,212,913.37,193634.44
521,MSFT,2023-01-19 22:19:02.754275427,03:45:33,buy,873,810.02,707147.46
522,AMZN,2023-01-19 23:11:28.028802880,06:07:35,sell,632,470.67,297463.44
523,NFLX,2023-01-20 00:03:53.303330333,20:51:28,sell,843,618.07,521033.01000000007
524,FB,2023-01-20 00:56:18.577857785,05:45:22,sell,55,886.68,48767.399999999994
525,FB,2023-01-20 01:48:43.852385238,22:14:41,buy,33,650.67,21472.109999999997
526,GOOGL,2023-01-20 02:41:09.126912691,01:16:02,sell,395,234.01,92433.95
527,AAPL,2023-01-20 03:33:34.401440144,12:43:38,buy,105,205.14,21539.699999999997
528,AMZN,2023-01-20 04:25:59.675967596,21:30:14,buy,146,851.02,124248.92
529,MSFT,2023-01-20 05:18:24.950495049,23:46:16,buy,348,320.45,111516.59999999999
530,NFLX,2023-01-20 06:10:50.225022502,16:56:45,sell,519,640.82,332585.58
531,GOOGL,2023-01-20 07:03:15.499549955,12:02:20,sell,785,436.76,342856.6
532,GOOGL,2023-01-20 07:55:40.774077407,18:27:47,sell,67,141.69,9493.23
533,NFLX,2023-01-20 08:48:06.048604860,05:05:45,buy,541,212.07,114729.87
534,GOOGL,2023-01-20 09:40:31.323132313,04:03:01,sell,919,276.35,253965.65000000002
535,FB,2023-01-20 10:32:56.597659766,05:41:52,sell,192,343.15,65884.79999999999
536,TSLA,2023-01-20 11:25:21.872187218,20:10:16,sell,87,54.11,4707.57
537,AAPL,2023-01-20 12:17:47.146714671,16:59:06,buy,987,71.8,70866.59999999999
538,AMZN,2023-01-20 13:10:12.421242124,19:19:41,sell,280,691.94,193743.2
539,FB,2023-01-20 14:02:37.695769576,22:50:33,sell,518,172.94,89582.92
540,FB,2023-01-20 14:55:02.970297029,19:47:14,buy,860,728.83,626793.8
541,NFLX,2023-01-20 15:47:28.244824482,09:39:36,buy,369,474.06,174928.14
542,GOOGL,2023-01-20 16:39:53.519351935,06:30:24,buy,682,678.91,463016.62
543,MSFT,2023-01-20 17:32:18.793879387,11:46:30,buy,914,302.98,276923.72000000003
544,NFLX,2023-01-20 18:24:44.068406840,08:49:22,sell,846,625.05,528792.2999999999
545,FB,2023-01-20 19:17:09.342934293,12:48:56,buy,860,624.57,537130.2000000001
546,TSLA,2023-01-20 20:09:34.617461746,09:16:37,sell,439,687.1,301636.9
547,AAPL,2023-01-20 21:01:59.891989198,17:24:11,sell,753,895.39,674228.67
548,MSFT,2023-01-20 21:54:25.166516651,18:01:18,buy,1,632.73,632.73
549,GOOGL,2023-01-20 22:46:50.441044104,11:52:17,sell,546,379.34,207119.63999999998
550,AMZN,2023-01-20 23:39:15.715571557,21:43:10,buy,830,96.72,80277.6
551,FB,2023-01-21 00:31:40.990099009,11:48:17,buy,351,322.2,113092.2
552,AAPL,2023-01-21 01:24:06.264626462,20:50:51,buy,301,569.76,171497.76
553,NFLX,2023-01-21 02:16:31.539153915,12:07:37,sell,563,926.42,521574.45999999996
554,FB,2023-01-21 03:08:56.813681368,23:40:10,buy,222,387.59,86044.98
555,AMZN,2023-01-21 04:01:22.088208820,19:25:33,sell,421,108.59,45716.39
556,NFLX,2023-01-21 04:53:47.362736273,18:53:39,sell,249,263.77,65678.73
557,FB,2023-01-21 05:46:12.637263726,04:53:32,buy,721,103.16,74378.36
558,NFLX,2023-01-21 06:38:37.911791179,21:29:15,buy,124,145.54,18046.96
559,MSFT,2023-01-21 07:31:03.186318631,12:33:52,buy,260,142.03,36927.8
560,GOOGL,2023-01-21 08:23:28.460846084,12:47:35,sell,727,842.83,612737.41
561,AMZN,2023-01-21 09:15:53.735373537,17:24:23,sell,797,440.23,350863.31
562,MSFT,2023-01-21 10:08:19.009900990,13:13:56,sell,314,480.19,150779.66
563,TSLA,2023-01-21 11:00:44.284428442,13:29:19,buy,76,558.26,42427.76
564,NFLX,2023-01-21 11:53:09.558955895,16:44:06,buy,470,838.5,394095.0
565,AMZN,2023-01-21 12:45:34.833483348,01:33:43,sell,150,156.35,23452.5
566,AMZN,2023-01-21 13:38:00.108010801,09:48:32,sell,206,693.97,142957.82
567,AAPL,2023-01-21 14:30:25.382538253,04:19:07,sell,388,318.41,123543.08000000002
568,NFLX,2023-01-21 15:22:50.657065706,07:37:54,sell,445,690.48,307263.60000000003
569,AAPL,2023-01-21 16:15:15.931593159,13:04:55,buy,444,692.97,307678.68
570,FB,2023-01-21 17:07:41.206120612,09:34:52,sell,831,397.0,329907.0
571,NFLX,2023-01-21 18:00:06.480648064,05:18:04,sell,458,237.95,108981.09999999999
572,GOOGL,2023-01-21 18:52:31.755175517,02:42:43,sell,28,186.22,5214.16
573,NFLX,2023-01-21 19:44:57.029702970,12:47:35,buy,769,365.13,280784.97
574,AMZN,2023-01-21 20:37:22.304230423,05:30:31,buy,752,463.28,348386.56
575,AMZN,2023-01-21 21:29:47.578757875,16:19:58,sell,245,208.84,51165.8
576,AMZN,2023-01-21 22:22:12.853285328,08:27:03,buy,890,930.74,828358.6
577,AAPL,2023-01-21 23:14:38.127812781,00:38:24,buy,657,899.45,590938.65
578,NFLX,2023-01-22 00:07:03.402340234,09:30:25,sell,195,316.28,61674.59999999999
579,AMZN,2023-01-22 00:59:28.676867686,01:20:52,buy,557,702.95,391543.15
580,AAPL,2023-01-22 01:51:53.951395139,05:22:14,buy,76,591.63,44963.88
581,AAPL,2023-01-22 02:44:19.225922592,22:16:25,buy,411,853.93,350965.23
582,TSLA,2023-01-22 03:36:44.500450045,19:42:54,sell,424,483.77,205118.47999999998
583,TSLA,2023-01-22 04:29:09.774977497,20:37:53,sell,427,561.39,239713.53
584,MSFT,2023-01-22 05:21:35.049504950,23:48:32,buy,979,65.58,64202.82
585,GOOGL,2023-01-22 06:14:00.324032403,17:08:48,sell,233,302.21,70414.93
586,AMZN,2023-01-22 07:06:25.598559856,17:54:01,sell,990,127.69,126413.09999999999
587,FB,2023-01-22 07:58:50.873087308,12:01:30,sell,677,719.26,486939.02
588,GOOGL,2023-01-22 08:51:16.147614761,15:54:52,sell,840,134.19,112719.59999999999
589,AMZN,2023-01-22 09:43:41.422142214,21:17:03,buy,901,512.71,461951.71
590,GOOGL,2023-01-22 10:36:06.696669666,17:01:31,sell,543,642.55,348904.64999999997
591,AMZN,2023-01-22 11:28:31.971197119,01:35:32,sell,819,983.73,805674.87
592,MSFT,2023-01-22 12:20:57.245724572,18:08:46,sell,306,752.15,230157.9
593,FB,2023-01-22 13:13:22.520252025,19:20:05,sell,560,801.98,449108.8
594,TSLA,2023-01-22 14:05:47.794779477,08:16:50,buy,61,186.32,11365.52
595,MSFT,2023-01-22 14:58:13.069306930,05:07:43,sell,913,153.52,140163.76
596,AMZN,2023-01-22 15:50:38.343834383,02:23:57,sell,261,310.75,81105.75
597,AMZN,2023-01-22 16:43:03.618361836,14:47:00,buy,828,769.61,637237.08
598,AMZN,2023-01-22 17:35:28.892889288,13:46:49,buy,517,79.61,41158.37
599,AAPL,2023-01-22 18:27:54.167416741,11:09:58,sell,557,680.83,379222.31
600,FB,2023-01-22 19:20:19.441944194,22:20:57,buy,474,904.51,428737.74
601,MSFT,2023-01-22 20:12:44.716471647,06:10:56,buy,357,761.57,271880.49
602,AMZN,2023-01-22 21:05:09.990999099,18:56:33,buy,117,853.88,99903.96
603,GOOGL,2023-01-22 21:57:35.265526552,13:22:02,buy,319,323.0,103037.0
604,TSLA,2023-01-22 22:50:00.540054005,14:45:44,buy,978,486.64,475933.92
605,FB,2023-01-22 23:42:25.814581458,16:18:47,buy,853,262.02,223503.06
606,NFLX,2023-01-23 00:34:51.089108910,10:35:06,buy,432,931.86,402563.52
607,NFLX,2023-01-23 01:27:16.363636363,08:28:02,buy,549,863.07,473825.43000000005
608,MSFT,2023-01-23 02:19:41.638163816,22:49:54,buy,527,532.8,280785.6
609,NFLX,2023-01-23 03:12:06.912691269,06:37:00,sell,10,317.71,3177.1
610,FB,2023-01-23 04:04:32.187218721,16:29:24,buy,153,367.05,56158.65
611,NFLX,2023-01-23 04:56:57.461746174,03:00:39,buy,562,934.88,525402.5599999999
612,GOOGL,2023-01-23 05:49:22.736273627,02:22:53,sell,338,715.05,241686.9
613,AAPL,2023-01-23 06:41:48.010801080,05:40:58,buy,746,642.95,479640.7
614,AMZN,2023-01-23 07:34:13.285328532,15:56:11,sell,150,583.95,87592.5
615,TSLA,2023-01-23 08:26:38.559855985,13:37:48,buy,321,981.44,315042.24
616,NFLX,2023-01-23 09:19:03.834383438,03:33:30,buy,715,84.0,60060.0
617,FB,2023-01-23 10:11:29.108910891,05:03:17,sell,336,362.31,121736.16
618,NFLX,2023-01-23 11:03:54.383438343,07:57:33,sell,891,864.98,770697.18
619,FB,2023-01-23 11:56:19.657965796,20:55:54,buy,716,322.92,231210.72
620,MSFT,2023-01-23 12:48:44.932493249,06:43:04,sell,858,653.7,560874.6000000001
621,AMZN,2023-01-23 13:41:10.207020702,23:14:12,sell,979,142.94,139938.26
622,AMZN,2023-01-23 14:33:35.481548154,04:23:47,sell,237,451.44,106991.28
623,AMZN,2023-01-23 15:26:00.756075607,12:36:09,sell,215,384.13,82587.95
624,NFLX,2023-01-23 16:18:26.030603060,23:36:00,buy,242,709.6,171723.2
625,MSFT,2023-01-23 17:10:51.305130513,07:24:56,sell,245,781.26,191408.7
626,AAPL,2023-01-23 18:03:16.579657965,01:30:59,buy,506,231.47,117123.81999999999
627,GOOGL,2023-01-23 18:55:41.854185418,03:27:05,buy,794,720.99,572466.06
628,MSFT,2023-01-23 19:48:07.128712871,09:55:05,sell,177,409.58,72495.66
629,MSFT,2023-01-23 20:40:32.403240324,23:12:26,buy,892,706.43,630135.5599999999
630,GOOGL,2023-01-23 21:32:57.677767776,04:24:20,buy,860,768.62,661013.2
631,FB,2023-01-23 22:25:22.952295229,10:17:32,buy,291,755.53,219859.22999999998
632,FB,2023-01-23 23:17:48.226822682,17:57:58,sell,309,621.69,192102.21000000002
633,GOOGL,2023-01-24 00:10:13.501350135,09:50:06,sell,362,116.56,42194.72
634,GOOGL,2023-01-24 01:02:38.775877587,22:01:23,buy,929,245.38,227958.02
635,AAPL,2023-01-24 01:55:04.050405040,21:09:06,buy,130,874.06,113627.79999999999
636,NFLX,2023-01-24 02:47:29.324932493,02:53:20,buy,821,357.05,293138.05
637,AAPL,2023-01-24 03:39:54.599459946,15:15:53,sell,554,670.54,371479.16
638,TSLA,2023-01-24 04:32:19.873987398,16:28:37,sell,437,869.11,379801.07
639,NFLX,2023-01-24 05:24:45.148514851,23:32:04,sell,219,259.69,56872.11
640,AMZN,2023-01-24 06:17:10.423042304,03:50:15,buy,973,689.26,670649.98
641,AAPL,2023-01-24 07:09:35.697569757,05:40:01,sell,845,926.52,782909.4
642,MSFT,2023-01-24 08:02:00.972097209,07:34:24,buy,271,622.56,168713.75999999998
643,NFLX,2023-01-24 08:54:26.246624662,14:22:21,sell,347,730.59,253514.73
644,GOOGL,2023-01-24 09:46:51.521152115,19:59:41,sell,698,219.08,152917.84
645,NFLX,2023-01-24 10:39:16.795679567,07:39:36,sell,13,489.97,6369.610000000001
646,AMZN,2023-01-24 11:31:42.070207020,16:39:27,buy,961,682.84,656209.24
647,FB,2023-01-24 12:24:07.344734473,12:56:34,sell,562,283.58,159371.96
648,MSFT,2023-01-24 13:16:32.619261926,01:41:21,sell,975,482.21,470154.75
649,NFLX,2023-01-24 14:08:57.893789378,22:50:43,buy,934,754.52,704721.6799999999
650,GOOGL,2023-01-24 15:01:23.168316831,00:45:32,buy,267,570.3,152270.09999999998
651,NFLX,2023-01-24 15:53:48.442844284,19:31:46,buy,356,654.4,232966.4
652,FB,2023-01-24 16:46:13.717371737,19:11:43,buy,720,345.03,248421.59999999998
653,GOOGL,2023-01-24 17:38:38.991899189,13:37:47,sell,289,392.55,113446.95
654,GOOGL,2023-01-24 18:31:04.266426642,16:56:34,buy,855,283.4,242306.99999999997
655,MSFT,2023-01-24 19:23:29.540954095,10:01:12,sell,767,932.62,715319.54
656,AAPL,2023-01-24 20:15:54.815481548,13:13:03,sell,64,127.58,8165.12
657,TSLA,2023-01-24 21:08:20.090009000,07:27:22,buy,434,832.03,361101.01999999996
658,AMZN,2023-01-24 22:00:45.364536453,11:21:38,buy,540,909.49,491124.6
659,FB,2023-01-24 22:53:10.639063906,18:25:42,buy,990,937.37,927996.3
660,TSLA,2023-01-24 23:45:35.913591359,05:09:39,sell,2,210.92,421.84
661,GOOGL,2023-01-25 00:38:01.188118811,06:07:26,sell,513,418.73,214808.49000000002
662,AMZN,2023-01-25 01:30:26.462646264,22:12:11,buy,138,59.73,8242.74
663,AMZN,2023-01-25 02:22:51.737173717,12:09:32,buy,165,135.81,22408.65
664,GOOGL,2023-01-25 03:15:17.011701170,11:03:35,buy,504,689.4,347457.6
665,GOOGL,2023-01-25 04:07:42.286228622,01:13:27,buy,634,943.77,598350.1799999999
666,AAPL,2023-01-25 05:00:07.560756075,22:31:37,sell,335,336.59,112757.65
667,FB,2023-01-25 05:52:32.835283528,19:36:23,buy,57,869.38,49554.659999999996
668,GOOGL,2023-01-25 06:44:58.109810981,20:45:40,sell,791,223.47,176764.77
669,AMZN,2023-01-25 07:37:23.384338433,03:59:01,buy,460,205.26,94419.59999999999
670,AAPL,2023-01-25 08:29:48.658865886,22:31:09,sell,113,553.16,62507.079999999994
671,FB,2023-01-25 09:22:13.933393339,07:44:33,buy,684,767.71,525113.64
672,FB,2023-01-25 10:14:39.207920792,15:32:57,buy,912,462.12,421453.44
673,MSFT,2023-01-25 11:07:04.482448244,20:39:19,sell,783,451.14,353242.62
674,AMZN,2023-01-25 11:59:29.756975697,23:01:36,sell,465,913.98,425000.7
675,TSLA,2023-01-25 12:51:55.031503150,20:45:39,buy,918,512.68,470640.23999999993
676,AAPL,2023-01-25 13:44:20.306030603,15:57:06,buy,718,393.63,282626.34
677,NFLX,2023-01-25 14:36:45.580558055,10:20:19,buy,979,223.28,218591.12
678,AMZN,2023-01-25 15:29:10.855085508,15:37:48,sell,876,750.69,657604.4400000001
679,FB,2023-01-25 16:21:36.129612961,00:26:09,sell,915,389.72,356593.80000000005
680,NFLX,2023-01-25 17:14:01.404140414,05:17:55,buy,351,80.83,28371.329999999998
681,TSLA,2023-01-25 18:06:26.678667866,10:06:38,buy,268,371.93,99677.24
682,NFLX,2023-01-25 18:58:51.953195319,09:29:38,buy,543,186.5,101269.5
683,TSLA,2023-01-25 19:51:17.227722772,01:29:12,buy,43,821.03,35304.29
684,GOOGL,2023-01-25 20:43:42.502250225,20:17:20,sell,707,510.23,360732.61
685,GOOGL,2023-01-25 21:36:07.776777677,10:31:54,sell,975,363.82,354724.5
686,AAPL,2023-01-25 22:28:33.051305130,12:47:55,buy,300,768.27,230481.0
687,MSFT,2023-01-25 23:20:58.325832583,01:25:02,buy,88,181.53,15974.64
688,AMZN,2023-01-26 00:13:23.600360036,20:26:25,buy,701,327.07,229276.07
689,AAPL,2023-01-26 01:05:48.874887488,14:37:56,sell,702,989.25,694453.5
690,TSLA,2023-01-26 01:58:14.149414941,07:47:12,buy,302,594.26,179466.52
691,NFLX,2023-01-26 02:50:39.423942394,21:38:18,buy,694,761.54,528508.76
692,FB,2023-01-26 03:43:04.698469847,10:57:41,buy,164,643.18,105481.51999999999
693,FB,2023-01-26 04:35:29.972997299,05:14:11,sell,304,691.17,210115.68
694,FB,2023-01-26 05:27:55.247524752,11:07:22,buy,686,480.01,329286.86
695,MSFT,2023-01-26 06:20:20.522052205,20:45:38,sell,677,693.02,469174.54
696,TSLA,2023-01-26 07:12:45.796579657,14:15:47,buy,781,794.28,620332.6799999999
697,TSLA,2023-01-26 08:05:11.071107110,02:57:33,sell,390,488.44,190491.6
698,NFLX,2023-01-26 08:57:36.345634563,08:41:57,buy,611,529.0,323219.0
699,AAPL,2023-01-26 09:50:01.620162016,02:13:14,sell,825,980.39,808821.75
700,AMZN,2023-01-26 10:42:26.894689468,07:15:22,buy,740,658.75,487475.0
701,AMZN,2023-01-26 11:34:52.169216921,14:11:42,buy,595,68.8,40936.0
702,MSFT,2023-01-26 12:27:17.443744374,17:33:18,buy,715,51.26,36650.9
703,NFLX,2023-01-26 13:19:42.718271827,13:15:16,buy,510,799.02,407500.2
704,GOOGL,2023-01-26 14:12:07.992799279,22:35:58,buy,529,177.23,93754.67
705,NFLX,2023-01-26 15:04:33.267326732,22:03:59,buy,618,814.56,503398.07999999996
706,NFLX,2023-01-26 15:56:58.541854185,04:44:17,sell,842,734.67,618592.14
707,AAPL,2023-01-26 16:49:23.816381638,04:15:10,buy,734,141.44,103816.95999999999
708,TSLA,2023-01-26 17:41:49.090909090,05:43:40,buy,112,890.18,99700.15999999999
709,AMZN,2023-01-26 18:34:14.365436543,21:12:08,sell,184,835.83,153792.72
710,FB,2023-01-26 19:26:39.639963996,02:40:47,buy,854,992.54,847629.1599999999
711,TSLA,2023-01-26 20:19:04.914491449,00:19:49,buy,223,661.97,147619.31
712,NFLX,2023-01-26 21:11:30.189018901,09:08:52,buy,616,145.28,89492.48
713,NFLX,2023-01-26 22:03:55.463546354,21:44:30,sell,565,835.53,472074.45
714,TSLA,2023-01-26 22:56:20.738073807,14:20:41,buy,328,76.41,25062.48
715,GOOGL,2023-01-26 23:48:46.012601260,20:21:11,sell,96,511.98,49150.08
716,AAPL,2023-01-27 00:41:11.287128712,19:36:50,buy,853,953.67,813480.51
717,MSFT,2023-01-27 01:33:36.561656165,08:43:50,buy,682,930.36,634505.52
718,GOOGL,2023-01-27 02:26:01.836183618,10:17:33,buy,817,990.82,809499.9400000001
719,NFLX,2023-01-27 03:18:27.110711071,03:55:19,buy,207,891.74,184590.18
720,NFLX,2023-01-27 04:10:52.385238523,14:16:46,buy,770,494.53,380788.1
721,AAPL,2023-01-27 05:03:17.659765976,15:32:59,sell,543,288.74,156785.82
722,AAPL,2023-01-27 05:55:42.934293429,15:33:13,sell,240,774.77,185944.8
723,NFLX,2023-01-27 06:48:08.208820882,12:55:11,buy,64,358.05,22915.2
724,MSFT,2023-01-27 07:40:33.483348334,08:59:34,buy,722,609.16,439813.51999999996
725,AAPL,2023-01-27 08:32:58.757875787,13:54:43,sell,753,338.63,254988.38999999998
726,FB,2023-01-27 09:25:24.032403240,13:22:49,sell,251,417.17,104709.67
727,AAPL,2023-01-27 10:17:49.306930693,19:05:34,sell,16,324.4,5190.4
728,AMZN,2023-01-27 11:10:14.581458145,14:05:00,buy,718,341.94,245512.92
729,GOOGL,2023-01-27 12:02:39.855985598,10:30:47,sell,529,264.8,140079.2
730,MSFT,2023-01-27 12:55:05.130513051,16:22:52,sell,530,449.56,238266.8
731,FB,2023-01-27 13:47:30.405040504,17:02:31,buy,332,212.53,70559.96
732,GOOGL,2023-01-27 14:39:55.679567956,12:04:57,sell,934,467.61,436747.74
733,FB,2023-01-27 15:32:20.954095409,15:25:13,sell,793,75.66,59998.38
734,GOOGL,2023-01-27 16:24:46.228622862,22:15:32,sell,626,377.04,236027.04
735,FB,2023-01-27 17:17:11.503150315,19:16:06,buy,585,817.64,478319.39999999997
736,NFLX,2023-01-27 18:09:36.777677767,02:29:19,buy,970,720.26,698652.2
737,MSFT,2023-01-27 19:02:02.052205220,22:54:11,sell,193,959.24,185133.32
738,NFLX,2023-01-27 19:54:27.326732673,03:50:11,sell,761,806.32,613609.52
739,TSLA,2023-01-27 20:46:52.601260126,17:43:24,sell,817,550.17,449488.88999999996
740,NFLX,2023-01-27 21:39:17.875787578,11:10:22,sell,492,808.78,397919.76
741,GOOGL,2023-01-27 22:31:43.150315031,04:20:00,buy,535,506.68,271073.8
742,AMZN,2023-01-27 23:24:08.424842484,14:18:03,buy,220,301.3,66286.0
743,GOOGL,2023-01-28 00:16:33.699369937,23:58:25,sell,4,855.27,3421.08
744,NFLX,2023-01-28 01:08:58.973897389,00:45:08,sell,781,964.29,753110.49
745,TSLA,2023-01-28 02:01:24.248424842,04:29:41,sell,152,320.63,48735.76
746,MSFT,2023-01-28 02:53:49.522952295,05:13:51,buy,528,971.8,513110.39999999997
747,TSLA,2023-01-28 03:46:14.797479748,07:28:03,sell,803,169.21,135875.63
748,FB,2023-01-28 04:38:40.072007200,15:34:26,buy,867,917.55,795515.85
749,TSLA,2023-01-28 05:31:05.346534653,05:26:07,sell,115,428.42,49268.3
750,MSFT,2023-01-28 06:23:30.621062106,08:14:32,sell,331,256.7,84967.7
751,AAPL,2023-01-28 07:15:55.895589559,18:34:19,buy,619,830.85,514296.15
752,FB,2023-01-28 08:08:21.170117011,21:07:36,buy,325,707.76,230022.0
753,AAPL,2023-01-28 09:00:46.444644464,21:33:12,buy,871,66.41,57843.11
754,NFLX,2023-01-28 09:53:11.719171917,08:55:23,sell,751,278.2,208928.19999999998
755,AMZN,2023-01-28 10:45:36.993699370,04:59:57,buy,324,953.27,308859.48
756,MSFT,2023-01-28 11:38:02.268226822,20:39:20,sell,680,726.65,494122.0
757,FB,2023-01-28 12:30:27.542754275,14:51:00,sell,498,899.61,448005.78
758,TSLA,2023-01-28 13:22:52.817281728,12:16:45,buy,670,837.8,561326.0
759,NFLX,2023-01-28 14:15:18.091809181,08:20:19,sell,163,998.18,162703.34
760,MSFT,2023-01-28 15:07:43.366336633,01:24:05,sell,164,498.5,81754.0
761,MSFT,2023-01-28 16:00:08.640864086,06:19:26,buy,925,197.14,182354.5
762,NFLX,2023-01-28 16:52:33.915391539,13:24:48,buy,90,974.76,87728.4
763,TSLA,2023-01-28 17:44:59.189918992,18:02:47,sell,595,168.23,100096.84999999999
764,TSLA,2023-01-28 18:37:24.464446444,04:08:57,sell,783,755.92,591885.36
765,GOOGL,2023-01-28 19:29:49.738973897,04:21:52,buy,319,417.97,133332.43000000002
766,MSFT,2023-01-28 20:22:15.013501350,01:44:45,buy,195,129.08,25170.600000000002
767,AAPL,2023-01-28 21:14:40.288028803,17:24:01,buy,482,318.42,153478.44
768,NFLX,2023-01-28 22:07:05.562556255,11:31:33,buy,844,777.66,656345.0399999999
769,FB,2023-01-28 22:59:30.837083708,08:19:28,sell,353,112.49,39708.97
770,AAPL,2023-01-28 23:51:56.111611161,18:46:49,buy,829,516.53,428203.37
771,MSFT,2023-01-29 00:44:21.386138613,00:02:00,sell,297,828.4,246034.8
772,NFLX,2023-01-29 01:36:46.660666066,00:33:54,sell,861,655.16,564092.76
773,AAPL,2023-01-29 02:29:11.935193519,12:23:26,sell,674,432.77,291686.98
774,GOOGL,2023-01-29 03:21:37.209720972,08:48:59,sell,769,632.52,486407.88
775,AMZN,2023-01-29 04:14:02.484248424,00:03:17,buy,74,521.3,38576.2
776,MSFT,2023-01-29 05:06:27.758775877,00:12:37,buy,818,496.62,406235.16000000003
777,GOOGL,2023-01-29 05:58:53.033303330,05:07:56,buy,408,550.43,224575.43999999997
778,MSFT,2023-01-29 06:51:18.307830783,13:45:01,buy,197,917.02,180652.94
779,FB,2023-01-29 07:43:43.582358235,09:32:42,sell,779,177.71,138436.09
780,NFLX,2023-01-29 08:36:08.856885688,15:06:46,buy,662,563.64,373129.68
781,NFLX,2023-01-29 09:28:34.131413141,07:08:32,buy,308,633.09,194991.72
782,MSFT,2023-01-29 10:20:59.405940594,14:16:33,buy,980,135.6,132888.0
783,NFLX,2023-01-29 11:13:24.680468046,16:35:18,buy,191,535.68,102314.87999999999
784,NFLX,2023-01-29 12:05:49.954995499,14:56:32,sell,503,913.56,459520.68
785,AAPL,2023-01-29 12:58:15.229522952,23:04:07,sell,903,852.35,769672.05
786,NFLX,2023-01-29 13:50:40.504050405,13:43:44,buy,416,95.21,39607.36
787,FB,2023-01-29 14:43:05.778577857,11:12:15,buy,582,752.72,438083.04000000004
788,FB,2023-01-29 15:35:31.053105310,23:08:47,sell,26,738.43,19199.18
789,AMZN,2023-01-29 16:27:56.327632763,01:47:07,buy,680,936.35,636718.0
790,GOOGL,2023-01-29 17:20:21.602160216,19:56:56,buy,632,847.86,535847.52
791,TSLA,2023-01-29 18:12:46.876687668,08:03:24,sell,549,742.25,407495.25
792,TSLA,2023-01-29 19:05:12.151215121,04:51:46,sell,752,770.53,579438.5599999999
793,GOOGL,2023-01-29 19:57:37.425742574,22:08:05,buy,283,873.6,247228.80000000002
794,GOOGL,2023-01-29 20:50:02.700270027,09:36:17,buy,242,178.24,43134.08
795,TSLA,2023-01-29 21:42:27.974797479,18:43:17,buy,816,126.54,103256.64
796,AMZN,2023-01-29 22:34:53.249324932,02:17:13,sell,914,393.28,359457.92
797,NFLX,2023-01-29 23:27:18.523852385,15:47:17,buy,117,388.47,45450.990000000005
798,GOOGL,2023-01-30 00:19:43.798379838,10:44:02,sell,814,778.97,634081.5800000001
799,AAPL,2023-01-30 01:12:09.072907290,08:34:28,buy,259,737.35,190973.65
800,GOOGL,2023-01-30 02:04:34.347434743,03:37:13,sell,465,922.17,428809.05
801,MSFT,2023-01-30 02:56:59.621962196,03:34:31,sell,133,499.09,66378.97
802,TSLA,2023-01-30 03:49:24.896489649,08:21:52,buy,889,399.74,355368.86
803,GOOGL,2023-01-30 04:41:50.171017101,21:36:27,sell,135,875.29,118164.15
804,AMZN,2023-01-30 05:34:15.445544554,18:14:44,sell,518,983.17,509282.06
805,NFLX,2023-01-30 06:26:40.720072007,09:07:10,buy,961,372.04,357530.44
806,NFLX,2023-01-30 07:19:05.994599460,11:40:20,sell,686,608.05,417122.3
807,TSLA,2023-01-30 08:11:31.269126912,20:12:32,buy,897,301.28,270248.16
808,FB,2023-01-30 09:03:56.543654365,17:10:58,sell,588,739.42,434778.95999999996
809,FB,2023-01-30 09:56:21.818181818,17:57:53,sell,212,113.26,24011.120000000003
810,AMZN,2023-01-30 10:48:47.092709271,18:08:12,sell,93,248.73,23131.89
811,FB,2023-01-30 11:41:12.367236723,09:38:18,sell,186,560.05,104169.29999999999
812,MSFT,2023-01-30 12:33:37.641764176,21:02:51,buy,288,902.65,259963.19999999998
813,GOOGL,2023-01-30 13:26:02.916291629,03:31:46,buy,989,360.91,356939.99000000005
814,GOOGL,2023-01-30 14:18:28.190819082,07:14:24,buy,449,579.83,260343.67
815,TSLA,2023-01-30 15:10:53.465346534,17:44:01,sell,765,435.79,333379.35000000003
816,AAPL,2023-01-30 16:03:18.739873987,00:30:09,buy,462,352.4,162808.8
817,MSFT,2023-01-30 16:55:44.014401440,03:05:50,sell,955,153.42,146516.09999999998
818,FB,2023-01-30 17:48:09.288928893,00:06:57,buy,182,798.55,145336.1
819,NFLX,2023-01-30 18:40:34.563456345,07:21:31,buy,353,679.79,239965.87
820,GOOGL,2023-01-30 19:32:59.837983798,21:58:39,sell,973,143.0,139139.0
821,NFLX,2023-01-30 20:25:25.112511251,00:23:04,buy,62,61.53,3814.86
822,FB,2023-01-30 21:17:50.387038703,04:14:42,buy,543,968.89,526107.27
823,FB,2023-01-30 22:10:15.661566156,21:08:24,buy,286,675.23,193115.78
824,TSLA,2023-01-30 23:02:40.936093609,19:04:20,sell,908,253.92,230559.36
825,MSFT,2023-01-30 23:55:06.210621062,19:37:19,sell,967,645.89,624575.63
826,GOOGL,2023-01-31 00:47:31.485148514,22:02:26,buy,884,514.34,454676.56000000006
827,TSLA,2023-01-31 01:39:56.759675967,20:26:32,sell,7,848.72,5941.04
828,TSLA,2023-01-31 02:32:22.034203420,18:20:13,buy,37,714.62,26440.94
829,GOOGL,2023-01-31 03:24:47.308730873,02:47:11,buy,566,319.75,180978.5
830,NFLX,2023-01-31 04:17:12.583258325,06:20:21,sell,861,488.4,420512.39999999997
831,MSFT,2023-01-31 05:09:37.857785778,10:06:42,buy,902,253.22,228404.44
832,NFLX,2023-01-31 06:02:03.132313231,15:15:45,sell,958,728.04,697462.32
833,MSFT,2023-01-31 06:54:28.406840684,23:37:43,buy,721,921.49,664394.29
834,AMZN,2023-01-31 07:46:53.681368136,11:46:27,buy,668,152.09,101596.12
835,AAPL,2023-01-31 08:39:18.955895589,13:41:59,buy,448,892.89,400014.72
836,AMZN,2023-01-31 09:31:44.230423042,14:26:11,sell,162,591.29,95788.98
837,NFLX,2023-01-31 10:24:09.504950495,21:00:06,sell,925,608.79,563130.75
838,NFLX,2023-01-31 11:16:34.779477947,07:55:09,sell,361,749.5,270569.5
839,GOOGL,2023-01-31 12:09:00.054005400,22:49:12,sell,559,625.29,349537.11
840,FB,2023-01-31 13:01:25.328532853,00:30:02,sell,165,123.79,20425.350000000002
841,AAPL,2023-01-31 13:53:50.603060306,11:02:46,sell,46,751.62,34574.52
842,NFLX,2023-01-31 14:46:15.877587758,23:28:37,buy,273,489.79,133712.67
843,FB,2023-01-31 15:38:41.152115211,14:51:37,buy,285,308.06,87797.1
844,TSLA,2023-01-31 16:31:06.426642664,13:21:46,sell,366,315.52,115480.31999999999
845,AMZN,2023-01-31 17:23:31.701170117,21:02:19,buy,838,363.13,304302.94
846,AMZN,2023-01-31 18:15:56.975697569,23:04:49,buy,371,625.91,232212.61
847,MSFT,2023-01-31 19:08:22.250225022,21:33:10,sell,746,777.37,579918.02
848,MSFT,2023-01-31 20:00:47.524752475,15:31:17,sell,947,60.2,57009.4
849,NFLX,2023-01-31 20:53:12.799279928,03:54:04,buy,375,607.85,227943.75
850,FB,2023-01-31 21:45:38.073807380,14:40:22,buy,216,755.41,163168.56
851,GOOGL,2023-01-31 22:38:03.348334833,23:35:32,buy,539,641.88,345973.32
852,TSLA,2023-01-31 23:30:28.622862286,07:41:04,buy,895,768.79,688067.0499999999
853,AAPL,2023-02-01 00:22:53.897389739,12:18:40,buy,482,296.96,143134.72
854,NFLX,2023-02-01 01:15:19.171917191,14:29:17,sell,535,913.74,488850.9
855,NFLX,2023-02-01 02:07:44.446444644,22:00:06,buy,808,641.8,518574.39999999997
856,FB,2023-02-01 03:00:09.720972097,05:43:01,sell,124,666.14,82601.36
857,GOOGL,2023-02-01 03:52:34.995499550,17:25:21,sell,140,677.98,94917.2
858,AAPL,2023-02-01 04:45:00.270027002,08:21:48,buy,743,362.86,269604.98
859,TSLA,2023-02-01 05:37:25.544554455,15:58:59,buy,484,590.37,285739.08
860,FB,2023-02-01 06:29:50.819081908,09:26:48,sell,629,619.16,389451.63999999996
861,NFLX,2023-02-01 07:22:16.093609361,17:22:09,sell,541,527.86,285572.26
862,TSLA,2023-02-01 08:14:41.368136813,16:51:48,sell,103,286.05,29463.15
863,FB,2023-02-01 09:07:06.642664266,23:52:25,sell,484,393.88,190637.91999999998
864,FB,2023-02-01 09:59:31.917191719,20:52:25,sell,98,798.62,78264.76
865,TSLA,2023-02-01 10:51:57.191719172,03:28:20,sell,366,785.45,287474.7
866,AMZN,2023-02-01 11:44:22.466246624,03:25:53,sell,609,314.54,191554.86000000002
867,MSFT,2023-02-01 12:36:47.740774077,07:51:14,sell,948,243.01,230373.47999999998
868,NFLX,2023-02-01 13:29:13.015301530,11:19:26,buy,563,139.5,78538.5
869,TSLA,2023-02-01 14:21:38.289828983,07:17:33,buy,635,670.76,425932.6
870,GOOGL,2023-02-01 15:14:03.564356435,23:06:56,sell,513,586.82,301038.66000000003
871,GOOGL,2023-02-01 16:06:28.838883888,06:13:34,sell,398,989.17,393689.66
872,FB,2023-02-01 16:58:54.113411341,00:51:21,buy,189,758.74,143401.86000000002
873,AAPL,2023-02-01 17:51:19.387938793,03:42:34,buy,434,473.51,205503.34
874,MSFT,2023-02-01 18:43:44.662466246,02:05:20,sell,259,259.88,67308.92
875,TSLA,2023-02-01 19:36:09.936993699,21:47:42,sell,325,870.38,282873.5
876,NFLX,2023-02-01 20:28:35.211521152,19:15:48,sell,709,758.04,537450.36
877,TSLA,2023-02-01 21:21:00.486048604,20:27:40,buy,445,391.54,174235.30000000002
878,NFLX,2023-02-01 22:13:25.760576057,18:52:55,buy,800,950.7,760560.0
879,FB,2023-02-01 23:05:51.035103510,04:09:24,buy,701,565.59,396478.59
880,GOOGL,2023-02-01 23:58:16.309630963,14:17:28,buy,903,63.97,57764.909999999996
881,FB,2023-02-02 00:50:41.584158415,09:30:12,sell,371,147.4,54685.4
882,GOOGL,2023-02-02 01:43:06.858685868,01:40:36,sell,776,815.48,632812.48
883,AMZN,2023-02-02 02:35:32.133213321,17:39:49,buy,736,598.55,440532.8
884,AMZN,2023-02-02 03:27:57.407740774,07:50:04,sell,358,601.16,215215.28
885,AMZN,2023-02-02 04:20:22.682268226,22:54:56,sell,960,943.16,905433.6
886,TSLA,2023-02-02 05:12:47.956795679,18:25:08,sell,625,290.28,181424.99999999997
887,AMZN,2023-02-02 06:05:13.231323132,10:55:26,sell,477,755.58,360411.66000000003
888,NFLX,2023-02-02 06:57:38.505850585,11:19:49,sell,281,685.91,192740.71
889,FB,2023-02-02 07:50:03.780378037,12:06:16,buy,185,487.02,90098.7
890,AMZN,2023-02-02 08:42:29.054905490,14:45:28,buy,192,941.74,180814.08000000002
891,MSFT,2023-02-02 09:34:54.329432943,13:10:45,sell,653,741.44,484160.32
892,GOOGL,2023-02-02 10:27:19.603960396,11:15:17,sell,397,487.54,193553.38
893,GOOGL,2023-02-02 11:19:44.878487848,21:37:59,buy,901,367.2,330847.2
894,NFLX,2023-02-02 12:12:10.153015301,19:38:10,buy,470,464.15,218150.5
895,GOOGL,2023-02-02 13:04:35.427542754,19:30:28,sell,585,472.48,276400.8
896,FB,2023-02-02 13:57:00.702070207,05:08:17,buy,93,211.69,19687.17
897,AMZN,2023-02-02 14:49:25.976597659,19:27:59,buy,931,122.48,114028.88
898,AAPL,2023-02-02 15:41:51.251125112,06:30:22,buy,148,171.46,25376.08
899,AMZN,2023-02-02 16:34:16.525652565,01:15:36,buy,993,700.92,696013.5599999999
900,FB,2023-02-02 17:26:41.800180018,13:13:58,buy,46,819.27,37686.42
901,AAPL,2023-02-02 18:19:07.074707470,09:39:04,sell,452,206.81,93478.12
902,MSFT,2023-02-02 19:11:32.349234923,20:24:08,sell,848,570.53,483809.44
903,AMZN,2023-02-02 20:03:57.623762376,02:24:36,sell,280,310.96,87068.79999999999
904,GOOGL,2023-02-02 20:56:22.898289829,01:43:49,sell,623,313.97,195603.31000000003
905,TSLA,2023-02-02 21:48:48.172817281,08:20:08,buy,245,394.8,96726.0
906,FB,2023-02-02 22:41:13.447344734,02:10:02,sell,319,149.64,47735.159999999996
907,TSLA,2023-02-02 23:33:38.721872187,21:06:22,buy,569,181.15,103074.35
908,AMZN,2023-02-03 00:26:03.996399640,23:31:51,buy,902,377.83,340802.66
909,TSLA,2023-02-03 01:18:29.270927092,19:02:23,buy,484,827.68,400597.12
910,AAPL,2023-02-03 02:10:54.545454545,05:31:57,sell,914,222.0,202908.0
911,MSFT,2023-02-03 03:03:19.819981998,14:05:45,buy,374,685.27,256290.97999999998
912,GOOGL,2023-02-03 03:55:45.094509451,19:53:50,buy,552,419.34,231475.68
913,TSLA,2023-02-03 04:48:10.369036903,05:40:24,buy,521,674.36,351341.56
914,NFLX,2023-02-03 05:40:35.643564356,09:02:01,sell,249,458.49,114164.01000000001
915,FB,2023-02-03 06:33:00.918091809,17:48:33,sell,559,915.08,511529.72000000003
916,GOOGL,2023-02-03 07:25:26.192619262,10:03:08,sell,752,359.17,270095.84
917,GOOGL,2023-02-03 08:17:51.467146714,16:35:05,buy,754,345.65,260620.09999999998
918,AMZN,2023-02-03 09:10:16.741674167,20:22:31,buy,567,974.8,552711.6
919,NFLX,2023-02-03 10:02:42.016201620,15:05:44,buy,445,316.25,140731.25
920,GOOGL,2023-02-03 10:55:07.290729073,21:21:36,buy,977,354.73,346571.21
921,MSFT,2023-02-03 11:47:32.565256525,03:19:07,buy,226,268.62,60708.12
922,AAPL,2023-02-03 12:39:57.839783978,01:20:51,buy,513,149.8,76847.40000000001
923,NFLX,2023-02-03 13:32:23.114311431,09:12:14,buy,728,829.46,603846.88
924,NFLX,2023-02-03 14:24:48.388838883,07:14:59,sell,104,893.14,92886.56
925,FB,2023-02-03 15:17:13.663366336,15:37:38,buy,603,804.59,485167.77
926,TSLA,2023-02-03 16:09:38.937893789,15:16:00,sell,786,611.36,480528.96
927,AMZN,2023-02-03 17:02:04.212421242,12:22:03,sell,481,659.73,317330.13
928,NFLX,2023-02-03 17:54:29.486948694,17:28:41,buy,284,336.67,95614.28
929,AMZN,2023-02-03 18:46:54.761476147,12:55:27,sell,797,293.42,233855.74000000002
930,FB,2023-02-03 19:39:20.036003600,04:49:57,buy,698,696.15,485912.7
931,AAPL,2023-02-03 20:31:45.310531053,17:44:11,sell,1,669.34,669.34
932,GOOGL,2023-02-03 21:24:10.585058505,07:28:19,sell,260,154.85,40261.0
933,GOOGL,2023-02-03 22:16:35.859585958,16:16:45,sell,487,161.82,78806.34
934,NFLX,2023-02-03 23:09:01.134113411,05:34:21,sell,309,713.3,220409.69999999998
935,FB,2023-02-04 00:01:26.408640864,17:08:11,sell,583,834.53,486530.99
936,NFLX,2023-02-04 00:53:51.683168316,04:02:55,sell,736,838.03,616790.08
937,FB,2023-02-04 01:46:16.957695769,15:27:55,sell,610,139.0,84790.0
938,AAPL,2023-02-04 02:38:42.232223222,03:16:51,sell,793,246.77,195688.61000000002
939,AAPL,2023-02-04 03:31:07.506750675,00:00:43,buy,333,834.76,277975.08
940,AMZN,2023-02-04 04:23:32.781278127,02:44:41,sell,406,133.94,54379.64
941,NFLX,2023-02-04 05:15:58.055805580,23:33:48,sell,784,206.98,162272.31999999998
942,MSFT,2023-02-04 06:08:23.330333033,11:47:59,buy,448,188.48,84439.04
943,NFLX,2023-02-04 07:00:48.604860486,10:15:49,buy,485,303.57,147231.44999999998
944,NFLX,2023-02-04 07:53:13.879387938,14:09:43,buy,133,57.16,7602.28
945,AMZN,2023-02-04 08:45:39.153915391,16:00:17,sell,176,202.86,35703.36
946,AAPL,2023-02-04 09:38:04.428442844,07:30:06,sell,459,573.65,263305.35
947,FB,2023-02-04 10:30:29.702970297,03:52:08,buy,347,762.13,264459.11
948,AAPL,2023-02-04 11:22:54.977497749,00:21:28,sell,95,786.84,74749.8
949,FB,2023-02-04 12:15:20.252025202,12:11:20,buy,26,623.81,16219.059999999998
950,MSFT,2023-02-04 13:07:45.526552655,15:37:36,buy,385,933.3,359320.5
951,MSFT,2023-02-04 14:00:10.801080108,09:12:51,buy,710,910.22,646256.2000000001
952,MSFT,2023-02-04 14:52:36.075607560,15:35:45,buy,10,95.72,957.2
953,AAPL,2023-02-04 15:45:01.350135013,02:54:18,sell,656,435.83,285904.48
954,FB,2023-02-04 16:37:26.624662466,02:41:40,buy,589,957.33,563867.37
955,TSLA,2023-02-04 17:29:51.899189919,22:28:12,sell,712,210.36,149776.32
956,MSFT,2023-02-04 18:22:17.173717371,19:52:13,sell,253,496.78,125685.34
957,GOOGL,2023-02-04 19:14:42.448244824,15:58:12,sell,887,156.96,139223.52000000002
958,AAPL,2023-02-04 20:07:07.722772277,11:51:33,sell,31,969.4,30051.399999999998
959,MSFT,2023-02-04 20:59:32.997299730,07:37:29,sell,242,966.55,233905.09999999998
960,FB,2023-02-04 21:51:58.271827182,19:12:44,buy,797,740.48,590162.56
961,TSLA,2023-02-04 22:44:23.546354635,13:02:33,sell,533,464.23,247434.59
962,AAPL,2023-02-04 23:36:48.820882088,16:41:57,buy,134,895.76,120031.84
963,AMZN,2023-02-05 00:29:14.095409541,03:36:56,buy,718,515.73,370294.14
964,AAPL,2023-02-05 01:21:39.369936993,05:30:26,sell,211,537.75,113465.25
965,NFLX,2023-02-05 02:14:04.644464446,18:18:59,sell,166,176.0,29216.0
966,TSLA,2023-02-05 03:06:29.918991899,07:44:16,sell,885,227.69,201505.65
967,MSFT,2023-02-05 03:58:55.193519352,09:56:24,sell,204,599.66,122330.64
968,AAPL,2023-02-05 04:51:20.468046804,18:48:18,sell,412,846.86,348906.32
969,GOOGL,2023-02-05 05:43:45.742574257,15:35:18,sell,964,332.93,320944.52
970,AAPL,2023-02-05 06:36:11.017101710,12:04:09,buy,215,911.13,195892.95
971,GOOGL,2023-02-05 07:28:36.291629163,16:51:47,sell,355,485.87,172483.85
972,AMZN,2023-02-05 08:21:01.566156615,11:23:53,buy,479,159.78,76534.62
973,GOOGL,2023-02-05 09:13:26.840684068,06:49:49,buy,434,60.29,26165.86
974,AAPL,2023-02-05 10:05:52.115211521,16:20:52,sell,601,714.79,429588.79
975,AAPL,2023-02-05 10:58:17.389738973,09:16:58,buy,906,923.73,836899.38
976,TSLA,2023-02-05 11:50:42.664266426,09:29:29,buy,182,509.6,92747.2
977,GOOGL,2023-02-05 12:43:07.938793879,21:18:20,sell,152,194.6,29579.2
978,MSFT,2023-02-05 13:35:33.213321332,02:05:07,sell,332,75.25,24983.0
979,AAPL,2023-02-05 14:27:58.487848784,05:44:15,buy,267,609.16,162645.72
980,TSLA,2023-02-05 15:20:23.762376237,00:42:39,sell,546,330.01,180185.46
981,FB,2023-02-05 16:12:49.036903690,11:34:43,sell,343,589.7,202267.1
982,TSLA,2023-02-05 17:05:14.311431143,15:14:15,sell,274,653.89,179165.86
983,TSLA,2023-02-05 17:57:39.585958595,23:57:28,buy,265,919.27,243606.55
984,MSFT,2023-02-05 18:50:04.860486048,06:08:34,buy,406,323.21,131223.25999999998
985,AAPL,2023-02-05 19:42:30.135013501,07:32:34,sell,16,839.61,13433.76
986,FB,2023-02-05 20:34:55.409540954,02:14:03,buy,535,832.42,445344.69999999995
987,AAPL,2023-02-05 21:27:20.684068406,13:23:45,buy,490,755.97,370425.3
988,TSLA,2023-02-05 22:19:45.958595859,01:07:26,buy,558,516.46,288184.68
989,AAPL,2023-02-05 23:12:11.233123312,18:49:55,buy,908,101.05,91753.4
990,AMZN,2023-02-06 00:04:36.507650765,14:56:04,sell,834,903.82,753785.88
991,FB,2023-02-06 00:57:01.782178217,12:57:08,sell,673,422.99,284672.27
992,GOOGL,2023-02-06 01:49:27.056705670,14:44:54,sell,542,83.72,45376.24
993,AMZN,2023-02-06 02:41:52.331233123,14:40:38,buy,731,508.0,371348.0
994,TSLA,2023-02-06 03:34:17.605760576,03:30:03,buy,666,65.71,43762.85999999999
995,AMZN,2023-02-06 04:26:42.880288028,20:46:09,buy,483,531.68,256801.43999999997
996,AAPL,2023-02-06 05:19:08.154815481,00:58:09,sell,919,709.39,651929.41
997,NFLX,2023-02-06 06:11:33.429342934,10:28:21,sell,396,268.0,106128.0
998,MSFT,2023-02-06 07:03:58.703870387,13:03:24,buy,569,990.47,563577.43
999,AMZN,2023-02-06 07:56:23.978397839,23:58:07,buy,580,512.09,297012.2
1000,TSLA,2023-02-06 08:48:49.252925292,23:29:48,buy,952,388.04,369414.08
1001,TSLA,2023-02-06 09:41:14.527452745,12:01:59,sell,592,259.09,153381.28
1002,TSLA,2023-02-06 10:33:39.801980198,22:11:14,sell,456,686.86,313208.16000000003
1003,AAPL,2023-02-06 11:26:05.076507650,11:55:48,buy,651,555.19,361428.69000000006
1004,AMZN,2023-02-06 12:18:30.351035103,17:53:58,buy,990,124.95,123700.5
1005,AAPL,2023-02-06 13:10:55.625562556,11:06:55,buy,695,461.39,320666.05
1006,NFLX,2023-02-06 14:03:20.900090009,10:03:58,sell,312,379.22,118316.64000000001
1007,AAPL,2023-02-06 14:55:46.174617461,20:25:38,sell,730,417.7,304921.0
1008,TSLA,2023-02-06 15:48:11.449144914,09:12:38,sell,37,633.81,23450.969999999998
1009,AMZN,2023-02-06 16:40:36.723672367,18:10:30,sell,247,429.75,106148.25
1010,FB,2023-02-06 17:33:01.998199820,10:52:01,sell,915,169.8,155367.0
1011,AMZN,2023-02-06 18:25:27.272727272,17:32:52,buy,3,455.99,1367.97
1012,TSLA,2023-02-06 19:17:52.547254725,20:19:14,sell,517,126.92,65617.64
1013,AAPL,2023-02-06 20:10:17.821782178,01:07:16,buy,611,920.6,562486.6
1014,MSFT,2023-02-06 21:02:43.096309631,14:59:02,sell,618,943.16,582872.88
1015,MSFT,2023-02-06 21:55:08.370837083,17:16:56,buy,330,388.27,128129.09999999999
1016,GOOGL,2023-02-06 22:47:33.645364536,11:37:16,sell,882,244.0,215208.0
1017,FB,2023-02-06 23:39:58.919891989,06:05:35,buy,620,676.5,419430.0
1018,NFLX,2023-02-07 00:32:24.194419442,03:37:59,buy,525,189.43,99450.75
1019,GOOGL,2023-02-07 01:24:49.468946894,14:25:58,buy,194,616.12,119527.28
1020,MSFT,2023-02-07 02:17:14.743474347,18:44:47,sell,76,920.09,69926.84
1021,TSLA,2023-02-07 03:09:40.018001800,15:41:04,buy,758,55.5,42069.0
1022,FB,2023-02-07 04:02:05.292529253,22:41:03,buy,117,335.9,39300.299999999996
1023,NFLX,2023-02-07 04:54:30.567056705,06:08:18,sell,30,414.03,12420.9
1024,AAPL,2023-02-07 05:46:55.841584158,05:56:42,sell,288,380.26,109514.88
1025,TSLA,2023-02-07 06:39:21.116111611,21:03:37,buy,288,491.85,141652.80000000002
1026,GOOGL,2023-02-07 07:31:46.390639063,11:15:15,sell,906,179.04,162210.24
1027,TSLA,2023-02-07 08:24:11.665166516,00:21:47,sell,294,475.49,139794.06
1028,MSFT,2023-02-07 09:16:36.939693969,23:47:01,sell,125,220.92,27615.0
1029,GOOGL,2023-02-07 10:09:02.214221422,08:06:08,sell,829,811.09,672393.61
1030,GOOGL,2023-02-07 11:01:27.488748874,17:44:29,sell,35,808.22,28287.7
1031,AMZN,2023-02-07 11:53:52.763276327,23:09:50,sell,306,524.83,160597.98
1032,NFLX,2023-02-07 12:46:18.037803780,00:20:36,buy,274,714.0,195636.0
1033,MSFT,2023-02-07 13:38:43.312331233,12:41:52,sell,624,147.3,91915.20000000001
1034,AMZN,2023-02-07 14:31:08.586858685,05:29:18,sell,451,983.4,443513.39999999997
1035,AMZN,2023-02-07 15:23:33.861386138,10:52:06,buy,783,439.67,344261.61
1036,TSLA,2023-02-07 16:15:59.135913591,15:56:09,buy,232,734.25,170346.0
1037,FB,2023-02-07 17:08:24.410441044,09:33:26,buy,944,581.83,549247.52
1038,NFLX,2023-02-07 18:00:49.684968496,00:26:48,buy,379,675.86,256150.94
1039,TSLA,2023-02-07 18:53:14.959495949,07:23:32,sell,866,312.81,270893.46
1040,AAPL,2023-02-07 19:45:40.234023402,17:22:25,sell,694,158.83,110228.02
1041,GOOGL,2023-02-07 20:38:05.508550855,06:42:22,sell,885,414.03,366416.55
1042,GOOGL,2023-02-07 21:30:30.783078307,02:20:26,buy,877,551.66,483805.81999999995
1043,AAPL,2023-02-07 22:22:56.057605760,15:08:24,sell,942,782.08,736719.36
1044,AAPL,2023-02-07 23:15:21.332133213,11:48:09,sell,429,198.58,85190.82
1045,AAPL,2023-02-08 00:07:46.606660666,15:47:46,buy,747,375.07,280177.29
1046,TSLA,2023-02-08 01:00:11.881188118,07:53:28,buy,422,783.77,330750.94
1047,AAPL,2023-02-08 01:52:37.155715571,23:15:00,sell,245,475.38,116468.1
1048,AAPL,2023-02-08 02:45:02.430243024,22:40:01,buy,271,823.83,223257.93000000002
1049,AMZN,2023-02-08 03:37:27.704770477,21:55:37,sell,441,605.32,266946.12
1050,NFLX,2023-02-08 04:29:52.979297929,08:13:28,sell,384,423.41,162589.44
1051,MSFT,2023-02-08 05:22:18.253825382,03:39:16,sell,180,844.73,152051.4
1052,AAPL,2023-02-08 06:14:43.528352835,10:07:46,sell,789,570.86,450408.54000000004
1053,NFLX,2023-02-08 07:07:08.802880288,04:14:11,buy,924,241.89,223506.36
1054,FB,2023-02-08 07:59:34.077407740,01:06:38,buy,865,510.3,441409.5
1055,GOOGL,2023-02-08 08:51:59.351935193,20:58:03,sell,743,70.15,52121.450000000004
1056,GOOGL,2023-02-08 09:44:24.626462646,14:13:16,sell,130,147.47,19171.1
1057,AMZN,2023-02-08 10:36:49.900990099,00:28:10,sell,424,72.79,30862.960000000003
1058,MSFT,2023-02-08 11:29:15.175517551,00:40:35,buy,599,966.01,578639.99
1059,MSFT,2023-02-08 12:21:40.450045004,07:00:20,sell,304,284.38,86451.52
1060,AAPL,2023-02-08 13:14:05.724572457,12:50:44,buy,565,97.15,54889.75
1061,TSLA,2023-02-08 14:06:30.999099910,20:12:09,buy,861,995.23,856893.03
1062,AMZN,2023-02-08 14:58:56.273627362,06:35:43,sell,987,212.15,209392.05000000002
1063,TSLA,2023-02-08 15:51:21.548154815,23:53:33,buy,330,70.46,23251.8
1064,MSFT,2023-02-08 16:43:46.822682268,22:00:01,sell,127,951.74,120870.98
1065,NFLX,2023-02-08 17:36:12.097209721,00:19:12,sell,549,408.54,224288.46000000002
1066,AAPL,2023-02-08 18:28:37.371737173,04:06:38,buy,243,585.07,142172.01
1067,GOOGL,2023-02-08 19:21:02.646264626,10:15:12,sell,116,910.59,105628.44
1068,FB,2023-02-08 20:13:27.920792079,20:09:11,buy,14,341.86,4786.04
1069,AAPL,2023-02-08 21:05:53.195319532,01:12:05,buy,359,814.89,292545.51
1070,AMZN,2023-02-08 21:58:18.469846984,12:07:17,sell,148,503.61,74534.28
1071,AAPL,2023-02-08 22:50:43.744374437,20:28:53,buy,500,854.64,427320.0
1072,TSLA,2023-02-08 23:43:09.018901890,03:53:52,buy,276,996.78,275111.27999999997
1073,MSFT,2023-02-09 00:35:34.293429343,13:51:21,sell,248,390.01,96722.48
1074,TSLA,2023-02-09 01:27:59.567956795,00:42:55,buy,733,998.58,731959.14
1075,TSLA,2023-02-09 02:20:24.842484248,04:25:40,sell,53,312.24,16548.72
1076,AMZN,2023-02-09 03:12:50.117011701,03:01:14,sell,801,663.61,531551.61
1077,AMZN,2023-02-09 04:05:15.391539153,18:10:53,buy,508,922.6,468680.8
1078,TSLA,2023-02-09 04:57:40.666066606,13:56:13,buy,829,823.06,682316.74
1079,GOOGL,2023-02-09 05:50:05.940594059,22:23:20,sell,300,271.85,81555.0
1080,NFLX,2023-02-09 06:42:31.215121512,19:09:28,buy,683,709.52,484602.16
1081,GOOGL,2023-02-09 07:34:56.489648964,16:08:23,buy,411,641.77,263767.47
1082,MSFT,2023-02-09 08:27:21.764176417,15:30:07,buy,652,644.58,420266.16000000003
1083,GOOGL,2023-02-09 09:19:47.038703870,16:07:58,buy,704,538.7,379244.80000000005
1084,TSLA,2023-02-09 10:12:12.313231323,09:48:20,buy,470,844.17,396759.89999999997
1085,MSFT,2023-02-09 11:04:37.587758775,00:53:26,buy,90,912.08,82087.2
1086,AAPL,2023-02-09 11:57:02.862286228,16:59:43,sell,933,134.47,125460.51
1087,NFLX,2023-02-09 12:49:28.136813681,07:06:42,sell,689,636.65,438651.85
1088,NFLX,2023-02-09 13:41:53.411341134,02:28:05,sell,821,87.24,71624.04
1089,AAPL,2023-02-09 14:34:18.685868586,16:43:54,buy,321,386.69,124127.49
1090,NFLX,2023-02-09 15:26:43.960396039,04:10:24,sell,29,568.82,16495.780000000002
1091,NFLX,2023-02-09 16:19:09.234923492,16:21:21,sell,526,533.84,280799.84
1092,TSLA,2023-02-09 17:11:34.509450945,13:20:01,buy,254,250.74,63687.96
1093,MSFT,2023-02-09 18:03:59.783978397,09:38:58,buy,363,285.0,103455.0
1094,NFLX,2023-02-09 18:56:25.058505850,22:32:26,buy,918,368.64,338411.51999999996
1095,NFLX,2023-02-09 19:48:50.333033303,03:42:07,sell,866,600.37,519920.42
1096,FB,2023-02-09 20:41:15.607560756,18:43:32,sell,490,453.23,222082.7
1097,AMZN,2023-02-09 21:33:40.882088208,22:33:52,sell,26,339.24,8820.24
1098,FB,2023-02-09 22:26:06.156615661,23:08:03,sell,158,621.69,98227.02
1099,TSLA,2023-02-09 23:18:31.431143114,14:19:09,sell,668,249.25,166499.0
1100,FB,2023-02-10 00:10:56.705670567,20:16:44,sell,786,479.16,376619.76
1101,AAPL,2023-02-10 01:03:21.980198019,05:00:26,sell,971,315.12,305981.52
1102,AMZN,2023-02-10 01:55:47.254725472,18:14:28,sell,360,554.11,199479.6
1103,AMZN,2023-02-10 02:48:12.529252925,15:50:05,buy,760,300.35,228266.00000000003
1104,AMZN,2023-02-10 03:40:37.803780378,19:40:58,sell,491,932.74,457975.34
1105,AAPL,2023-02-10 04:33:03.078307830,03:35:15,sell,893,786.41,702264.13
1106,GOOGL,2023-02-10 05:25:28.352835283,06:04:57,sell,54,302.65,16343.099999999999
1107,FB,2023-02-10 06:17:53.627362736,04:49:11,buy,757,707.41,535509.37
1108,TSLA,2023-02-10 07:10:18.901890189,22:24:32,buy,489,136.64,66816.95999999999
1109,GOOGL,2023-02-10 08:02:44.176417641,04:30:09,sell,922,223.11,205707.42
1110,GOOGL,2023-02-10 08:55:09.450945094,22:06:44,sell,176,482.68,84951.68000000001
1111,AAPL,2023-02-10 09:47:34.725472547,23:57:12,sell,273,866.11,236448.03
1112,GOOGL,2023-02-10 10:40:00.000000000,04:45:46,buy,441,522.37,230365.17
1113,NFLX,2023-02-10 11:32:25.274527452,08:16:42,buy,51,849.58,43328.58
1114,AMZN,2023-02-10 12:24:50.549054905,19:35:00,buy,950,861.01,817959.5
1115,AAPL,2023-02-10 13:17:15.823582358,06:17:29,sell,118,533.1,62905.8
1116,AMZN,2023-02-10 14:09:41.098109811,03:28:55,buy,670,537.23,359944.10000000003
1117,TSLA,2023-02-10 15:02:06.372637263,18:56:27,buy,216,497.08,107369.28
1118,AAPL,2023-02-10 15:54:31.647164716,16:33:54,buy,110,809.1,89001.0
1119,NFLX,2023-02-10 16:46:56.921692169,11:05:56,sell,784,157.81,123723.04000000001
1120,GOOGL,2023-02-10 17:39:22.196219622,00:07:44,buy,330,416.77,137534.1
1121,FB,2023-02-10 18:31:47.470747074,18:27:42,sell,710,256.98,182455.80000000002
1122,MSFT,2023-02-10 19:24:12.745274527,13:55:51,sell,137,123.51,16920.87
1123,AAPL,2023-02-10 20:16:38.019801980,18:37:33,sell,312,998.31,311472.72
1124,TSLA,2023-02-10 21:09:03.294329433,15:19:56,sell,762,853.66,650488.9199999999
1125,NFLX,2023-02-10 22:01:28.568856885,11:09:49,sell,71,950.99,67520.29
1126,FB,2023-02-10 22:53:53.843384338,02:31:21,sell,581,244.38,141984.78
1127,MSFT,2023-02-10 23:46:19.117911791,15:27:16,sell,335,343.86,115193.1
1128,MSFT,2023-02-11 00:38:44.392439243,16:35:47,buy,297,115.29,34241.130000000005
1129,AMZN,2023-02-11 01:31:09.666966696,08:57:03,buy,360,110.64,39830.4
1130,MSFT,2023-02-11 02:23:34.941494149,20:14:07,buy,984,152.06,149627.04
1131,NFLX,2023-02-11 03:16:00.216021602,11:54:09,sell,172,864.65,148719.8
1132,GOOGL,2023-02-11 04:08:25.490549054,17:35:55,sell,778,911.16,708882.48
1133,AAPL,2023-02-11 05:00:50.765076507,01:08:58,sell,241,891.47,214844.27000000002
1134,FB,2023-02-11 05:53:16.039603960,05:17:12,sell,456,981.38,447509.27999999997
1135,TSLA,2023-02-11 06:45:41.314131413,17:51:42,buy,465,126.64,58887.6
1136,TSLA,2023-02-11 07:38:06.588658865,06:29:27,sell,107,116.24,12437.68
1137,FB,2023-02-11 08:30:31.863186318,03:18:04,buy,489,800.1,391248.9
1138,AAPL,2023-02-11 09:22:57.137713771,08:10:51,sell,736,724.69,533371.8400000001
1139,AAPL,2023-02-11 10:15:22.412241224,17:16:13,sell,180,779.8,140364.0
1140,FB,2023-02-11 11:07:47.686768676,18:17:46,buy,652,901.44,587738.88
1141,TSLA,2023-02-11 12:00:12.961296129,20:08:21,buy,218,84.28,18373.04
1142,FB,2023-02-11 12:52:38.235823582,20:06:01,buy,211,460.66,97199.26000000001
1143,MSFT,2023-02-11 13:45:03.510351035,16:22:55,buy,394,379.06,149349.64
1144,MSFT,2023-02-11 14:37:28.784878487,18:26:10,buy,142,966.13,137190.46
1145,AMZN,2023-02-11 15:29:54.059405940,01:20:24,sell,92,367.99,33855.08
1146,GOOGL,2023-02-11 16:22:19.333933393,07:57:40,sell,667,364.76,243294.91999999998
1147,AMZN,2023-02-11 17:14:44.608460846,15:07:54,buy,844,209.43,176758.92
1148,GOOGL,2023-02-11 18:07:09.882988298,23:27:08,sell,941,555.54,522763.13999999996
1149,AAPL,2023-02-11 18:59:35.157515751,20:49:28,buy,493,710.72,350384.96
1150,GOOGL,2023-02-11 19:52:00.432043204,02:33:06,buy,573,880.83,504715.59
1151,AAPL,2023-02-11 20:44:25.706570657,21:10:40,buy,32,723.49,23151.68
1152,NFLX,2023-02-11 21:36:50.981098109,23:03:28,sell,947,625.96,592784.12
1153,FB,2023-02-11 22:29:16.255625562,00:32:50,buy,770,741.89,571255.3
1154,AMZN,2023-02-11 23:21:41.530153015,00:54:06,buy,624,487.32,304087.68
1155,GOOGL,2023-02-12 00:14:06.804680468,15:28:03,buy,39,991.24,38658.36
1156,NFLX,2023-02-12 01:06:32.079207920,00:23:47,buy,701,552.94,387610.94000000006
1157,AMZN,2023-02-12 01:58:57.353735373,18:12:34,sell,637,90.89,57896.93
1158,AAPL,2023-02-12 02:51:22.628262826,00:31:46,buy,642,979.46,628813.3200000001
1159,NFLX,2023-02-12 03:43:47.902790279,02:30:19,buy,54,599.13,32353.02
1160,AMZN,2023-02-12 04:36:13.177317731,01:17:11,buy,462,606.42,280166.04
1161,AMZN,2023-02-12 05:28:38.451845184,00:05:48,sell,965,66.86,64519.9
1162,MSFT,2023-02-12 06:21:03.726372637,15:40:42,buy,730,323.77,236352.09999999998
1163,NFLX,2023-02-12 07:13:29.000900090,20:26:47,buy,118,235.26,27760.68
1164,FB,2023-02-12 08:05:54.275427542,16:42:16,sell,405,373.51,151271.55
1165,TSLA,2023-02-12 08:58:19.549954995,13:40:29,sell,312,520.54,162408.47999999998
1166,GOOGL,2023-02-12 09:50:44.824482448,20:24:30,buy,666,482.25,321178.5
1167,NFLX,2023-02-12 10:43:10.099009901,13:58:31,sell,229,126.48,28963.920000000002
1168,TSLA,2023-02-12 11:35:35.373537353,22:51:37,buy,502,377.14,189324.28
1169,AMZN,2023-02-12 12:28:00.648064806,06:32:09,buy,781,300.58,234752.97999999998
1170,AAPL,2023-02-12 13:20:25.922592259,14:51:38,buy,859,739.25,635015.75
1171,AAPL,2023-02-12 14:12:51.197119712,12:28:26,buy,93,729.22,67817.46
1172,TSLA,2023-02-12 15:05:16.471647164,08:22:53,buy,751,986.95,741199.4500000001
1173,MSFT,2023-02-12 15:57:41.746174617,17:44:01,buy,287,730.26,209584.62
1174,GOOGL,2023-02-12 16:50:07.020702070,17:48:54,sell,354,642.0,227268.0
1175,GOOGL,2023-02-12 17:42:32.295229523,07:16:16,sell,534,356.63,190440.41999999998
1176,FB,2023-02-12 18:34:57.569756975,00:33:04,sell,393,95.35,37472.549999999996
1177,GOOGL,2023-02-12 19:27:22.844284428,19:58:15,sell,206,206.93,42627.58
1178,MSFT,2023-02-12 20:19:48.118811881,15:05:49,buy,999,359.56,359200.44
1179,TSLA,2023-02-12 21:12:13.393339333,01:23:12,buy,752,936.16,703992.32
1180,MSFT,2023-02-12 22:04:38.667866786,20:12:31,sell,300,846.73,254019.0
1181,NFLX,2023-02-12 22:57:03.942394239,22:44:38,buy,168,133.59,22443.12
1182,MSFT,2023-02-12 23:49:29.216921692,02:17:49,sell,401,859.78,344771.77999999997
1183,FB,2023-02-13 00:41:54.491449144,05:33:51,sell,56,752.98,42166.880000000005
1184,FB,2023-02-13 01:34:19.765976597,20:47:56,sell,957,465.31,445301.67
1185,MSFT,2023-02-13 02:26:45.040504050,16:47:43,buy,254,133.74,33969.96
1186,TSLA,2023-02-13 03:19:10.315031503,13:57:27,sell,89,849.57,75611.73000000001
1187,FB,2023-02-13 04:11:35.589558955,17:08:16,sell,296,868.58,257099.68000000002
1188,AAPL,2023-02-13 05:04:00.864086408,23:34:31,buy,760,692.47,526277.2000000001
1189,NFLX,2023-02-13 05:56:26.138613861,06:20:39,sell,604,960.9,580383.6
1190,MSFT,2023-02-13 06:48:51.413141314,05:51:10,buy,912,255.41,232933.91999999998
1191,AAPL,2023-02-13 07:41:16.687668766,23:57:04,sell,106,803.5,85171.0
1192,FB,2023-02-13 08:33:41.962196219,23:35:29,sell,68,301.13,20476.84
1193,FB,2023-02-13 09:26:07.236723672,09:10:15,sell,465,793.66,369051.89999999997
1194,MSFT,2023-02-13 10:18:32.511251125,23:14:04,sell,331,384.33,127213.23
1195,AMZN,2023-02-13 11:10:57.785778577,15:34:47,buy,907,50.94,46202.579999999994
1196,MSFT,2023-02-13 12:03:23.060306030,08:47:16,sell,349,626.94,218802.06000000003
1197,FB,2023-02-13 12:55:48.334833483,09:29:07,buy,303,993.5,301030.5
1198,TSLA,2023-02-13 13:48:13.609360936,02:29:37,sell,440,569.43,250549.19999999998
1199,AAPL,2023-02-13 14:40:38.883888388,00:16:05,buy,841,894.69,752434.29
1200,AMZN,2023-02-13 15:33:04.158415841,20:32:09,sell,927,913.87,847157.49
1201,GOOGL,2023-02-13 16:25:29.432943294,08:36:48,buy,139,208.14,28931.46
1202,FB,2023-02-13 17:17:54.707470747,09:47:15,buy,500,438.86,219430.0
1203,MSFT,2023-02-13 18:10:19.981998199,17:01:58,sell,308,808.85,249125.80000000002
1204,AAPL,2023-02-13 19:02:45.256525652,16:03:45,sell,177,507.51,89829.27
1205,MSFT,2023-02-13 19:55:10.531053105,14:14:43,buy,356,559.97,199349.32
1206,GOOGL,2023-02-13 20:47:35.805580558,01:36:32,sell,4,410.98,1643.92
1207,NFLX,2023-02-13 21:40:01.080108010,22:00:56,buy,227,569.51,129278.77
1208,TSLA,2023-02-13 22:32:26.354635463,18:36:33,sell,490,722.62,354083.8
1209,MSFT,2023-02-13 23:24:51.629162916,21:35:59,buy,284,102.02,28973.68
1210,MSFT,2023-02-14 00:17:16.903690369,20:28:51,sell,656,283.92,186251.52000000002
1211,TSLA,2023-02-14 01:09:42.178217821,19:26:30,buy,59,579.98,34218.82
1212,FB,2023-02-14 02:02:07.452745274,22:45:20,sell,16,326.61,5225.76
1213,GOOGL,2023-02-14 02:54:32.727272727,20:32:26,buy,53,819.69,43443.57
1214,TSLA,2023-02-14 03:46:58.001800180,18:25:49,buy,763,100.23,76475.49
1215,FB,2023-02-14 04:39:23.276327632,11:39:58,sell,946,73.58,69606.68
1216,FB,2023-02-14 05:31:48.550855085,10:35:09,sell,761,543.35,413489.35000000003
1217,TSLA,2023-02-14 06:24:13.825382538,04:47:08,sell,639,860.27,549712.53
1218,AMZN,2023-02-14 07:16:39.099909991,02:09:55,buy,985,651.34,641569.9
1219,TSLA,2023-02-14 08:09:04.374437443,18:23:18,buy,286,960.61,274734.46
1220,AMZN,2023-02-14 09:01:29.648964896,12:26:32,sell,25,430.71,10767.75
1221,AAPL,2023-02-14 09:53:54.923492349,18:59:35,sell,630,947.07,596654.1
1222,NFLX,2023-02-14 10:46:20.198019802,06:03:18,buy,993,821.14,815392.02
1223,AMZN,2023-02-14 11:38:45.472547254,21:18:25,sell,377,745.12,280910.24
1224,AMZN,2023-02-14 12:31:10.747074707,06:07:06,buy,355,354.99,126021.45
1225,MSFT,2023-02-14 13:23:36.021602160,20:48:05,sell,403,283.87,114399.61
1226,AMZN,2023-02-14 14:16:01.296129613,21:33:17,sell,937,831.46,779078.02
1227,MSFT,2023-02-14 15:08:26.570657065,19:22:51,sell,277,483.21,133849.16999999998
1228,TSLA,2023-02-14 16:00:51.845184518,07:05:02,sell,646,637.47,411805.62
1229,FB,2023-02-14 16:53:17.119711971,02:30:05,sell,613,287.27,176096.50999999998
1230,FB,2023-02-14 17:45:42.394239423,17:49:57,buy,20,563.65,11273.0
1231,NFLX,2023-02-14 18:38:07.668766876,11:47:59,sell,718,843.62,605719.16
1232,MSFT,2023-02-14 19:30:32.943294329,17:04:17,sell,745,165.87,123573.15000000001
1233,NFLX,2023-02-14 20:22:58.217821782,09:08:12,sell,693,423.9,293762.7
1234,GOOGL,2023-02-14 21:15:23.492349234,09:46:36,buy,381,456.24,173827.44
1235,FB,2023-02-14 22:07:48.766876687,15:23:14,sell,898,350.39,314650.22
1236,FB,2023-02-14 23:00:14.041404140,14:24:40,buy,624,385.39,240483.36
1237,MSFT,2023-02-14 23:52:39.315931593,18:41:24,sell,346,963.08,333225.68
1238,TSLA,2023-02-15 00:45:04.590459045,19:08:29,buy,558,331.37,184904.46
1239,GOOGL,2023-02-15 01:37:29.864986498,12:55:47,sell,403,579.75,233639.25
1240,NFLX,2023-02-15 02:29:55.139513951,14:15:49,sell,747,51.59,38537.73
1241,TSLA,2023-02-15 03:22:20.414041404,16:20:24,sell,613,447.94,274587.22
1242,GOOGL,2023-02-15 04:14:45.688568856,02:30:34,buy,374,276.93,103571.82
1243,AAPL,2023-02-15 05:07:10.963096309,20:40:07,sell,780,922.15,719277.0
1244,GOOGL,2023-02-15 05:59:36.237623762,03:35:47,buy,715,116.88,83569.2
1245,TSLA,2023-02-15 06:52:01.512151215,07:21:46,sell,357,238.37,85098.09
1246,AAPL,2023-02-15 07:44:26.786678667,11:46:46,sell,779,889.97,693286.63
1247,NFLX,2023-02-15 08:36:52.061206120,13:55:52,buy,348,286.28,99625.43999999999
1248,AMZN,2023-02-15 09:29:17.335733573,08:55:01,buy,915,385.4,352641.0
1249,TSLA,2023-02-15 10:21:42.610261026,21:54:50,sell,939,715.77,672108.03
1250,AMZN,2023-02-15 11:14:07.884788478,21:27:35,buy,845,813.45,687365.25
1251,AMZN,2023-02-15 12:06:33.159315931,15:22:28,buy,446,737.6,328969.60000000003
1252,TSLA,2023-02-15 12:58:58.433843384,23:23:52,buy,445,862.55,383834.75
1253,TSLA,2023-02-15 13:51:23.708370837,03:10:37,sell,450,390.94,175923.0
1254,NFLX,2023-02-15 14:43:48.982898289,19:21:19,buy,355,858.75,304856.25
1255,FB,2023-02-15 15:36:14.257425742,05:40:24,sell,756,329.28,248935.68
1256,FB,2023-02-15 16:28:39.531953195,14:10:52,buy,154,829.35,127719.90000000001
1257,AAPL,2023-02-15 17:21:04.806480648,17:15:57,sell,83,422.39,35058.369999999995
1258,AAPL,2023-02-15 18:13:30.081008100,14:02:57,sell,342,633.84,216773.28
1259,NFLX,2023-02-15 19:05:55.355535553,02:05:16,sell,468,779.7,364899.60000000003
1260,AAPL,2023-02-15 19:58:20.630063006,09:42:57,buy,146,227.32,33188.72
1261,GOOGL,2023-02-15 20:50:45.904590459,14:38:24,sell,527,832.78,438875.06
1262,GOOGL,2023-02-15 21:43:11.179117911,17:28:30,buy,667,320.72,213920.24000000002
1263,MSFT,2023-02-15 22:35:36.453645364,04:35:15,buy,804,820.31,659529.24
1264,NFLX,2023-02-15 23:28:01.728172817,20:47:31,sell,672,366.2,246086.4
1265,AAPL,2023-02-16 00:20:27.002700270,04:05:33,sell,122,853.09,104076.98000000001
1266,AMZN,2023-02-16 01:12:52.277227722,11:55:56,buy,228,754.9,172117.19999999998
1267,AMZN,2023-02-16 02:05:17.551755175,13:41:54,buy,319,609.7,194494.30000000002
1268,GOOGL,2023-02-16 02:57:42.826282628,03:04:58,sell,691,443.73,306617.43
1269,AMZN,2023-02-16 03:50:08.100810081,06:28:32,buy,816,271.95,221911.19999999998
1270,FB,2023-02-16 04:42:33.375337533,09:05:51,sell,279,661.68,184608.71999999997
1271,GOOGL,2023-02-16 05:34:58.649864986,14:01:51,buy,918,841.56,772552.08
1272,NFLX,2023-02-16 06:27:23.924392439,14:54:38,buy,486,895.86,435387.96
1273,AAPL,2023-02-16 07:19:49.198919892,04:08:12,buy,161,129.15,20793.15
1274,NFLX,2023-02-16 08:12:14.473447344,18:23:57,sell,884,171.49,151597.16
1275,AMZN,2023-02-16 09:04:39.747974797,06:18:58,sell,482,922.9,444837.8
1276,AMZN,2023-02-16 09:57:05.022502250,09:07:08,buy,704,213.74,150472.96000000002
1277,FB,2023-02-16 10:49:30.297029703,19:26:52,sell,555,138.67,76961.84999999999
1278,AMZN,2023-02-16 11:41:55.571557155,15:52:05,buy,701,93.61,65620.61
1279,FB,2023-02-16 12:34:20.846084608,11:11:38,sell,394,416.52,164108.88
1280,TSLA,2023-02-16 13:26:46.120612061,07:53:46,buy,668,89.05,59485.4
1281,TSLA,2023-02-16 14:19:11.395139514,10:12:19,buy,955,913.68,872564.3999999999
1282,TSLA,2023-02-16 15:11:36.669666966,17:35:05,buy,153,806.22,123351.66
1283,GOOGL,2023-02-16 16:04:01.944194419,13:46:19,buy,9,853.67,7683.03
1284,NFLX,2023-02-16 16:56:27.218721872,04:42:00,sell,868,115.32,100097.76
1285,AMZN,2023-02-16 17:48:52.493249324,00:52:03,sell,343,316.63,108604.09
1286,AAPL,2023-02-16 18:41:17.767776777,16:21:38,buy,24,339.94,8158.5599999999995
1287,GOOGL,2023-02-16 19:33:43.042304230,15:40:50,buy,411,758.04,311554.44
1288,AAPL,2023-02-16 20:26:08.316831683,05:42:04,buy,7,613.52,4294.639999999999
1289,TSLA,2023-02-16 21:18:33.591359135,09:54:16,buy,766,65.45,50134.700000000004
1290,TSLA,2023-02-16 22:10:58.865886588,13:30:34,sell,374,801.28,299678.72
1291,FB,2023-02-16 23:03:24.140414041,13:38:41,buy,319,151.48,48322.119999999995
1292,AAPL,2023-02-16 23:55:49.414941494,07:06:45,sell,112,338.9,37956.799999999996
1293,FB,2023-02-17 00:48:14.689468946,17:40:29,buy,124,690.68,85644.31999999999
1294,NFLX,2023-02-17 01:40:39.963996399,13:43:37,buy,170,930.4,158168.0
1295,FB,2023-02-17 02:33:05.238523852,11:41:18,sell,962,114.17,109831.54000000001
1296,NFLX,2023-02-17 03:25:30.513051305,06:51:37,buy,125,989.45,123681.25
1297,GOOGL,2023-02-17 04:17:55.787578757,14:43:08,buy,14,532.69,7457.660000000001
1298,AMZN,2023-02-17 05:10:21.062106210,02:48:56,sell,29,831.42,24111.18
1299,AMZN,2023-02-17 06:02:46.336633663,08:37:36,sell,253,693.86,175546.58000000002
1300,FB,2023-02-17 06:55:11.611161116,15:30:23,buy,453,665.44,301444.32
1301,NFLX,2023-02-17 07:47:36.885688568,23:20:21,buy,67,201.3,13487.1
1302,FB,2023-02-17 08:40:02.160216021,12:20:05,sell,130,769.19,99994.70000000001
1303,NFLX,2023-02-17 09:32:27.434743474,14:53:39,sell,508,408.4,207467.19999999998
1304,AAPL,2023-02-17 10:24:52.709270927,02:56:10,buy,576,201.44,116029.44
1305,MSFT,2023-02-17 11:17:17.983798379,08:36:51,sell,191,713.4,136259.4
1306,MSFT,2023-02-17 12:09:43.258325832,01:17:41,buy,440,598.7,263428.0
1307,GOOGL,2023-02-17 13:02:08.532853285,13:03:59,buy,766,876.97,671759.02
1308,AAPL,2023-02-17 13:54:33.807380738,18:03:43,buy,489,811.49,396818.61
1309,AMZN,2023-02-17 14:46:59.081908190,04:27:37,sell,27,295.67,7983.09
1310,TSLA,2023-02-17 15:39:24.356435643,10:53:43,buy,473,266.15,125888.94999999998
1311,TSLA,2023-02-17 16:31:49.630963096,20:14:09,buy,756,71.46,54023.759999999995
1312,AAPL,2023-02-17 17:24:14.905490549,05:20:21,buy,265,584.49,154889.85
1313,GOOGL,2023-02-17 18:16:40.180018001,15:58:29,buy,381,96.79,36876.990000000005
1314,AMZN,2023-02-17 19:09:05.454545454,15:30:09,buy,844,930.0,784920.0
1315,TSLA,2023-02-17 20:01:30.729072907,01:31:12,buy,349,619.23,216111.27000000002
1316,AMZN,2023-02-17 20:53:56.003600360,03:41:24,sell,681,611.17,416206.76999999996
1317,GOOGL,2023-02-17 21:46:21.278127812,18:34:49,sell,441,948.22,418165.02
1318,NFLX,2023-02-17 22:38:46.552655265,22:07:52,sell,719,306.96,220704.24
1319,TSLA,2023-02-17 23:31:11.827182718,15:24:09,buy,387,91.03,35228.61
1320,AAPL,2023-02-18 00:23:37.101710171,13:54:54,buy,335,94.19,31553.649999999998
1321,MSFT,2023-02-18 01:16:02.376237623,19:32:57,buy,698,593.91,414549.18
1322,MSFT,2023-02-18 02:08:27.650765076,23:48:19,buy,372,270.9,100774.79999999999
1323,NFLX,2023-02-18 03:00:52.925292529,16:56:50,buy,512,534.48,273653.76
1324,AMZN,2023-02-18 03:53:18.199819982,07:25:49,sell,95,647.15,61479.25
1325,NFLX,2023-02-18 04:45:43.474347434,08:06:11,buy,72,471.45,33944.4
1326,GOOGL,2023-02-18 05:38:08.748874887,19:33:03,sell,50,525.42,26270.999999999996
1327,TSLA,2023-02-18 06:30:34.023402340,14:31:48,buy,173,405.95,70229.34999999999
1328,MSFT,2023-02-18 07:22:59.297929793,13:20:21,buy,449,778.59,349586.91000000003
